[
  {
    "title": "とある魔術の禁書目録",
    "salesValue": 31000000,
    "recordDate": "2019-06-28",
    "salesDesc": "シリーズ累計3100万部突破",
    "sourceDesc": "各サイトの「とある魔術の禁書目録 幻想収束」記事(2019/6/28)",
    "isbn": "4048663046",
    "oldData": {
      "sales": "2019/06/28  シリーズ累計3100万部突破\n2019/06/04  シリーズ累計3000万部突破（累計1800万部※恐らく原作のみ）\n2018/08/02  シリーズ累計3000万部突破（累計1660万部※恐らく原作のみ）\n2018/07/06  シリーズ累計3000万部突破（※ここから恐らくコミカライズ等すべてのシリーズ累計）\n2018/03/10  シリーズ累計1635万部\n2015/12/**  シリーズ累計1580万部\n2015/09/17  シリーズ累計1562万部\n2014/01/06  シリーズ累計1425万部",
      "reprint": null
    }
  },
  {
    "title": "転生したらスライムだった件",
    "salesValue": 30000000,
    "recordDate": "2022-01-17",
    "salesDesc": "シリーズ累計3000万部突破",
    "sourceDesc": "株式会社講談社プレリリース「<a href=\"https://prtimes.jp/main/html/rd/p/000003898.000001719.html\">ついにシリーズ累計3,000万部突破の『転スラ』とＪリーグのコラボが決定！！</a>」",
    "isbn": "4896374592",
    "oldData": {
      "sales": "2022/01/17  シリーズ累計3000万部突破\n2021/09/21  シリーズ累計発行部数2700万部超\n2021/05/16  シリーズ累計2500万部突破\n2021/02/19  シリーズ累計2400万部突破\n2020/09/03  シリーズ累計2000万部突破\n2020/07/09  シリーズ累計1900万部突破\n2020/03/22  シリーズ累計1800万部突破\n2019/11/08  シリーズ累計1500万部突破\n2019/07/01  シリーズ累計1400万部突破\n2019/03/17  シリーズ累計1200万部突破\n2018/12/06  1000万部突破\n2018/11/30  シリーズ累計800万部突破\n2018/11/**  シリーズ累計700万部突破\n2018/09/**  シリーズ累計650万部突破\n2018/09/**  発行部数600万部\n2018/06/**  シリーズ累計550万部突破\n2018/03/**  シリーズ累計450万部突破\n2018/02/**  シリーズ累計380万部突破\n2017/12/**  シリーズ累計300万部突破",
      "reprint": "**刷  2020/09/03決定"
    }
  },
  {
    "title": "ソードアート・オンライン",
    "salesValue": 30000000,
    "recordDate": "2022-07-02",
    "salesDesc": "世界累計発行部数3000万部突破",
    "sourceDesc": "【予告】「劇場版 ソードアート・オンライン -プログレッシブ- 冥き夕闇のスケルツォ」(2022/7/02)",
    "isbn": "4048677608",
    "oldData": {
      "sales": "2020/04/24  世界累計発行部数2600万部突破\n2018/08/02  全世界累計発行2200万部\n2017/04/**  全世界シリーズ累計2000万部突破\n2015/10/04  全世界累計1670万部突破\n2015/09/17  シリーズ累計1130万部\n2014/01/06  シリーズ累計870万部",
      "reprint": null
    }
  },
  {
    "title": "魔法科高校の劣等生",
    "salesValue": 22000000,
    "recordDate": "2021-12-04",
    "salesDesc": "シリーズ累計2200万部突破(原作小説シリーズ累計1300万部)",
    "sourceDesc": "株式会社アニプレックスプレリリース「<a href=\"https://prtimes.jp/main/html/rd/p/000003361.000016356.html\">TVアニメ「魔法科高校の劣等生 追憶編」2021年12月31日(金)より、年越しスペシャル放送決定！</a>」",
    "isbn": "4048705970",
    "oldData": {
      "sales": "2021/12/04  シリーズ累計2200万部突破（原作小説シリーズ累計1300万部）\n2020/12/27  シリーズ累計2000万部突破（原作小説シリーズ累計1200万部）\n2019/10/06  シリーズ累計1500万部突破（※コミカライズを含む）\n2019/09/10  原作小説累計1000万部突破\n2019/06/08  シリーズ累計950万部突破\n2018/11/18  シリーズ累計920万部\n2018/08/02  シリーズ累計860万部\n2017/10/02  シリーズ累計790万部突破\n2017/03/12  シリーズ累計770万部\n2015/12/**  累計675万部\n2015/09/17  シリーズ累計650万部\n2014/01/06  シリーズ累計315万部",
      "reprint": null
    }
  },
  {
    "title": "涼宮ハルヒシリーズ",
    "salesValue": 20000000,
    "recordDate": "2017-12",
    "salesDesc": "シリーズ累計2000万部突破",
    "sourceDesc": "角川スニーカー文庫公式サイト",
    "isbn": "4044292019",
    "oldData": {
      "sales": "2017/12/**  シリーズ累計2000万部突破",
      "reprint": "**刷  2020/11/26決定\n**刷  2020/11/06決定\n**刷  2020/09/11決定"
    }
  },
  {
    "title": "スレイヤーズ",
    "salesValue": 20000000,
    "recordDate": "2008-05",
    "salesDesc": "シリーズ累計2000万部",
    "sourceDesc": "スレイヤーズ新装版の広告",
    "isbn": "4829123451"
  },
  {
    "title": "薬屋のひとりごと",
    "salesValue": 15000000,
    "recordDate": "2021-11-18",
    "salesDesc": "シリーズ累計1500万部突破",
    "sourceDesc": "<a href=\"https://twitter.com/NaMelanza/status/1461179709610291206\">スクウェア・エニックス版コミカライズ9巻帯</a>",
    "isbn": "4072981982",
    "oldData": {
      "sales": "2021/11/18  シリーズ累計1500万部突破\n2021/05/25  シリーズ累計1300万部突破\n2021/04/09  シリーズ累計1250万部突破（電子書籍含む）\n2021/01/08  シリーズ累計1200万部突破\n2020/11/16  シリーズ累計1150万部突破\n2020/09/28  シリーズ累計900万部突破\n2020/07/03  シリーズ累計750万部発行\n2020/03/16  シリーズ累計650万部突破\n2020/01/24  シリーズ累計600万部突破\n2019/12/12  コミカライズ累計420万部突破\n2019/08/26  シリーズ累計400万部突破\n2019/07/02  コミカライズ累計240万部突破\n2019/06/29  コミカライズ累計225万部突破\n2019/03/**  シリーズ累計180万部突破\n2019/02/**  シリーズ累計130万部突破\n2018/08/**  シリーズ累計75万部突破",
      "reprint": null
    }
  },
  {
    "title": "銀河英雄伝説",
    "salesValue": 15000000,
    "recordDate": "2011-01-09",
    "salesDesc": "累計1500万部",
    "sourceDesc": "朝日新聞DIGITAL「<a href=\"https://twitter.com/tasuro_STYLE/status/1374657263504220163\">あの大ベストセラーを舞台化！　「銀河英雄伝説」開幕</a>」",
    "isbn": "4191526243",
    "oldData": {
      "sales": null,
      "reprint": null
    }
  },
  {
    "title": "魔術士オーフェン",
    "salesValue": 14000000,
    "recordDate": "2018-12-14",
    "salesDesc": "シリーズ累計1400万部突破(※電子書籍を含む)",
    "sourceDesc": "コミカライズ無謀編3巻帯",
    "isbn": "4829125640",
    "oldData": {
      "sales": null,
      "reprint": null
    }
  },
  {
    "title": "十二国記",
    "salesValue": 12800000,
    "recordDate": "2022-01-14",
    "salesDesc": "累計1280万部超",
    "sourceDesc": "ほぼ日プレリリース「<a href=\"https://prtimes.jp/main/html/rd/p/000000183.000043019.html\">「十二国記」発売30周年を記念「十二国記屋」～本とことばとグッズのお店～TOBICHI東京で開催。</a>」",
    "isbn": "4101240213",
    "oldData": {
      "sales": null,
      "reprint": null
    }
  },
  {
    "title": "ダンジョンに出会いを求めるのは間違っているだろうか",
    "salesValue": 12000000,
    "recordDate": "2019-06-07",
    "salesDesc": "シリーズ累計発行部数1200万部突破",
    "sourceDesc": "GA文庫『ダンまち』シリーズ公式Twitter",
    "isbn": "479737280X",
    "oldData": {
      "sales": "2019/06/07  シリーズ累計発行部数1200万部突破\n2018/10/**  シリーズ累計1000万部突破\n2018/02/**  シリーズ累計900万部突破",
      "reprint": "**刷  ****/**/**決定 ／ 2020/09/18出来"
    }
  },
  {
    "title": "盾の勇者の成り上がり",
    "salesValue": 11000000,
    "recordDate": "2022-02-21",
    "salesDesc": "シリーズ累計1100万部突破",
    "sourceDesc": "<a href=\"https://twitter.com/comic__flapper/status/1495646918386790400\">コミックフラッパー編集部Twitter</a>",
    "isbn": "4840152756",
    "oldData": {
      "sales": "2022/02/21  シリーズ累計1100万部突破\n2019/05/30  シリーズ累計780万部突破\n2019/03/27  シリーズ累計620万部\n2019/03/22  シリーズ累計470万部突破\n2019/02/**  シリーズ累計400万部突破\n2018/12/**  シリーズ累計330万部突破\n2017/03/**  シリーズ累計120万部突破",
      "reprint": null
    }
  },
  {
    "title": "Re:ゼロから始める異世界生活",
    "salesValue": 11000000,
    "recordDate": "2021-12-24",
    "salesDesc": "全世界・シリーズ累計1100万部突破(電子書籍含む)",
    "sourceDesc": "原作28巻帯",
    "isbn": "4040662083",
    "oldData": {
      "sales": "2021/12/24  全世界・シリーズ累計1100万部突破（電子書籍含む）\n2020/03/24  シリーズ累計700万部突破\n2019/03/**  シリーズ累計550万部突破\n2018/09/**  シリーズ累計500万部突破\n2017/12/**  シリーズ累計430万部突破",
      "reprint": null
    }
  },
  {
    "title": "オーバーロード",
    "salesValue": 11000000,
    "recordDate": "2021-12-17",
    "salesDesc": "シリーズ累計1100万部突破",
    "sourceDesc": "YouTube「<a href=\"https://www.youtube.com/watch?v=pYoCk6Ffmfs\">TVアニメ「オーバーロードⅣ」第1弾PV概要欄</a>」",
    "isbn": "4047281522",
    "oldData": {
      "sales": "2021/12/17  シリーズ累計1100万部突破\n2018/12/**  シリーズ累計800万部突破\n2018/06/**  シリーズ累計760万部突破\n2018/04/**  シリーズ累計700万部突破",
      "reprint": null
    }
  },
  {
    "title": "フルメタル・パニック！",
    "salesValue": 11000000,
    "recordDate": "2016-10",
    "salesDesc": "シリーズ累計1100万部突破",
    "sourceDesc": "フルメタル・パニック！ IVアニメの告知画像",
    "isbn": "4040711165",
    "oldData": {
      "sales": null,
      "reprint": null
    }
  },
  {
    "title": "灼眼のシャナ",
    "salesValue": 10800000,
    "recordDate": "2015-10-04",
    "salesDesc": "関連書籍累計1080万部突破(原作はシリーズ累計860万部※2014年1月時点)",
    "sourceDesc": "電撃文庫総合目録2015",
    "isbn": "4840222185",
    "oldData": {
      "sales": null,
      "reprint": null
    }
  },
  {
    "title": "無職転生　～異世界行ったら本気だす～",
    "salesValue": 10000000,
    "recordDate": "2022-02-01",
    "salesDesc": "シリーズ累計1000万部突破",
    "sourceDesc": "MANTANWEB「<a href=\"https://mantan-web.jp/article/20220201dog00m200058000c.html\">無職転生：累計1000万部突破　テレビアニメ化も話題の“なろう系”ラノベ</a>」",
    "isbn": "4040662202",
    "oldData": {
      "sales": "2022/02/01  シリーズ累計1000万部突破\n2021/11/30  シリーズ累計960万部突破\n2021/10/04  シリーズ累計910万部突破\n2021/08/15  シリーズ累計部数850万部\n2021/06/05  シリーズ累計770万部突破\n2021/02/01  シリーズ累計560万部突破\n2019/10/18  シリーズ累計400万部突破\n2019/03/25  シリーズ累計350万部突破\n2019/01/**  シリーズ累計260万部突破\n2018/10/23  シリーズ累計220万部突破\n2018/01/**  シリーズ累計170万部突破",
      "reprint": null
    }
  },
  {
    "title": "この素晴らしい世界に祝福を！",
    "salesValue": 10000000,
    "recordDate": "2021-11-06",
    "salesDesc": "シリーズ累計発行部数1000万部突破",
    "sourceDesc": "<a href=\"https://twitter.com/kadokawasneaker/status/1456821137363636228\">スニーカー文庫Twitter</a>",
    "isbn": "4041010209",
    "oldData": {
      "sales": "2021/11/06  シリーズ累計発行部数1000万部突破\n2019/09/02  シリーズ累計発行部数900万部突破\n2019/02/**  シリーズ累計850万部突破\n2018/03/**  シリーズ累計650万部突破",
      "reprint": null
    }
  },
  {
    "title": "やはり俺の青春ラブコメはまちがっている。",
    "salesValue": 10000000,
    "recordDate": "2019-12-17",
    "salesDesc": "全世界シリーズ累計1000万部突破",
    "sourceDesc": "原作重版帯",
    "isbn": "4094512624",
    "oldData": {
      "sales": "2019/12/17  全世界シリーズ累計1000万部突破\n2019/04/03  全世界シリーズ累計900万部突破\n2018/11/**  シリーズ＆関連書籍累計800万部突破\n2017/09/**  シリーズ累計700万部突破",
      "reprint": "**刷  2019/12/17決定"
    }
  },
  {
    "title": "ロードス島戦記",
    "salesValue": 10000000,
    "recordDate": "2016-09",
    "salesDesc": "シリーズ累計1000万部突破",
    "sourceDesc": "角川スニーカー文庫公式サイト",
    "isbn": "4044604010",
    "oldData": {
      "sales": null,
      "reprint": null
    }
  },
  {
    "title": "フォーチュン・クエスト",
    "salesValue": 10000000,
    "recordDate": "2007-09",
    "salesDesc": "1000万部",
    "sourceDesc": "",
    "isbn": "4044606013",
    "oldData": {
      "sales": null,
      "reprint": null
    }
  },
  {
    "title": "幼女戦記",
    "salesValue": 9500000,
    "recordDate": "2021-12-22",
    "salesDesc": "シリーズ累計発行部数950万部突破",
    "sourceDesc": "AV Watch「<a href=\"https://av.watch.impress.co.jp/docs/news/1376059.html\">TVアニメ「幼女戦記」BD BOX発売。1月5日から再放送も</a>」",
    "isbn": "4047291730",
    "oldData": {
      "sales": "2021/12/22  シリーズ累計発行部数950万部突破\n2020/05/26  シリーズ累計650万部突破\n2018/12/**  シリーズ累計400万部突破\n2018/01/**  シリーズ累計300万部突破",
      "reprint": null
    }
  },
  {
    "title": "ゴブリンスレイヤー",
    "salesValue": 9000000,
    "recordDate": "2022-03-26",
    "salesDesc": "シリーズ累計900万部突破",
    "sourceDesc": "<a href=\"https://twitter.com/GA_mihhy/status/1507675112832901132\">原作「鍔鳴の太刀」下巻帯</a>",
    "isbn": "4797386150",
    "oldData": {
      "sales": "2022/03/26  シリーズ累計900万部突破\n2020/07/10  シリーズ累計700万部突破\n2019/12/11  シリーズ累計600万部突破\n2019/05/26  シリーズ累計500万部突破\n2018/10/**  シリーズ累計300万部突破\n2018/07/**  シリーズ累計200万部突破\n2018/02/**  シリーズ累計150万部突破",
      "reprint": null
    }
  },
  {
    "title": "緋弾のアリア",
    "salesValue": 9000000,
    "recordDate": "2020-12-17",
    "salesDesc": "シリーズ累計900万部突破※紙本と電子書籍の合算数値となります。",
    "sourceDesc": "<a href=\"https://twitter.com/MF_bunkoJ/status/1339534911246503944\">原作34巻帯</a>",
    "isbn": "4840124019",
    "oldData": {
      "sales": "2020/12/17  シリーズ累計900万部突破（※紙本と電子書籍の合算数値となります。）\n2019/06/05  シリーズ累計850万部突破\n2018/12/**  シリーズ累計800万部突破\n2018/01/**  シリーズ累計750万部突破",
      "reprint": null
    }
  },
  {
    "title": "カゲロウデイズ",
    "salesValue": 9000000,
    "recordDate": "2017-12-22",
    "salesDesc": "シリーズ累計900万部突破(小説・コミックス・関連書籍含む)",
    "sourceDesc": "Twitter(※2019/3、コミカライズ13巻帯にてコミックスシリーズ累計450万部突破)",
    "isbn": "4047280593",
    "oldData": {
      "sales": "2017/12/22  シリーズ累計900万部突破（小説・コミックス・関連書籍含む）",
      "reprint": null
    }
  },
  {
    "title": "キノの旅",
    "salesValue": 8200000,
    "recordDate": "2018-03-10",
    "salesDesc": "シリーズ累計820万部",
    "sourceDesc": "KADOKAWAプレリリース",
    "isbn": "4048668498",
    "oldData": {
      "sales": "2018/03/10  シリーズ累計820万部\n2017/10/02  シリーズ累計818万部\n2015/09/17  シリーズ累計800万部\n2014/01/06  シリーズ累計785万部",
      "reprint": null
    }
  },
  {
    "title": "アルスラーン戦記",
    "salesValue": 8000000,
    "recordDate": "2021-09-09",
    "salesDesc": "累計800万部突破",
    "sourceDesc": "<a href=\"https://www.amazon.co.jp/dp/B09CV2WBHY\">別冊少年マガジン2021年10月号表紙</a>",
    "isbn": "4334075061",
    "oldData": {
      "sales": "2021/09/09  累計800万部突破\n2021/06/09  累計780万部突破\n2020/12/09  累計750万部突破\n2020/05/09  累計700万部突破\n2019/11/08  累計680万部突破\n2019/05/07  累計650万部突破\n2017/12/**  シリーズ累計635万部突破\n2014/05/**  シリーズ累計600万部突破",
      "reprint": null
    }
  },
  {
    "title": "なんて素敵にジャパネスク",
    "salesValue": 8000000,
    "recordDate": "2018-09-14",
    "salesDesc": "シリーズ累計800万部",
    "sourceDesc": "コバルト編集部公式Twitter",
    "isbn": "4086145685",
    "oldData": {
      "sales": null,
      "reprint": null
    }
  },
  {
    "title": "恋空",
    "salesValue": 7300000,
    "recordDate": "2021-11-25",
    "salesDesc": "シリーズ累計730万部突破",
    "sourceDesc": "株式会社KADOKAWAプレリリース「<a href=\"https://prtimes.jp/main/html/rd/p/000009604.000007006.html\">【サービス開始から21年】「魔法のiらんど」がこれまでの歴史をふり返る特設ページを公開！懐かしい\"90年代ホームページ風デザイン”でお届け！</a>」",
    "isbn": "4883810453",
    "oldData": {
      "sales": null,
      "reprint": null
    }
  },
  {
    "title": "バカとテストと召喚獣",
    "salesValue": 7300000,
    "recordDate": "2017-11-29",
    "salesDesc": "シリーズ累計730万部突破",
    "sourceDesc": "バカとテストと召喚獣 コンプリート Blu-ray BOXの商品詳細",
    "isbn": "4047298255",
    "oldData": {
      "sales": "2017/11/29  シリーズ累計730万部突破",
      "reprint": null
    }
  },
  {
    "title": "ビブリア古書堂の事件手帖",
    "salesValue": 7000000,
    "recordDate": "2020-06-13",
    "salesDesc": "シリーズ累計700万部突破",
    "sourceDesc": "原作「扉子と空白の時」あらすじ・内容(KADOKAWA公式サイト)",
    "isbn": "4048704699",
    "oldData": {
      "sales": "2020/06/13  シリーズ累計700万部突破\n2018/08/**  シリーズ累計680万部突破\n2018/07/**  累計640万部突破",
      "reprint": null
    }
  },
  {
    "title": "心霊探偵八雲",
    "salesValue": 7000000,
    "recordDate": "2020-05-03",
    "salesDesc": "シリーズ累計700万部突破",
    "sourceDesc": "原作単行本12巻あらすじ・内容(KADOKAWA公式サイト)",
    "isbn": "4043887019",
    "oldData": {
      "sales": "2020/05/03  シリーズ累計700万部突破\n2019/03/**  シリーズ累計680万部突破\n2018/07/**  累計650万部突破",
      "reprint": "**刷  2020/08/03決定"
    }
  },
  {
    "title": "僕は友達が少ない",
    "salesValue": 7000000,
    "recordDate": "2017-10-18",
    "salesDesc": "シリーズ累計700万部突破",
    "sourceDesc": "僕は友達が少ない こんぷりーと Blu-ray BOXの商品詳細",
    "isbn": "4840128790",
    "oldData": {
      "sales": "2017/10/18  シリーズ累計700万部突破",
      "reprint": null
    }
  },
  {
    "title": "賢者の孫",
    "salesValue": 6900000,
    "recordDate": "2022-03-03",
    "salesDesc": "シリーズ累計690万部突破(電子含む)",
    "sourceDesc": "<a href=\"https://twitter.com/youngace_up/status/1499338802753646592\">コミカライズ19巻帯</a>",
    "isbn": "4047305863",
    "oldData": {
      "sales": "2022/03/03  シリーズ累計690万部突破（電子含む）\n2021/11/01  シリーズ累計670万部突破（電子含む）\n2021/07/03  シリーズ累計650万部突破（電子含む）\n2021/01/29  シリーズ累計620万部突破（電子含む）\n2020/09/26  シリーズ累計555万部突破（電子含む）\n2020/07/03  シリーズ累計510万部突破（電子含む）\n2020/01/25  シリーズ累計480万部突破（電子含む）\n2019/08/21  シリーズ累計450万部突破\n2019/04/24  シリーズ累計300万部突破\n2019/03/**  シリーズ累計260万部突破\n2018/09/**  シリーズ累計150万部突破\n2018/06/**  シリーズ累計120万部突破\n2018/01/**  シリーズ累計100万部突破",
      "reprint": null
    }
  },
  {
    "title": "ゼロの使い魔",
    "salesValue": 6800000,
    "recordDate": "2017-02-24",
    "salesDesc": "全世界シリーズ累計680万部突破",
    "sourceDesc": "<a href=\"https://twitter.com/MF_bunkoJ/status/834907696038035460\">原作22巻発売ポスター</a>",
    "isbn": "4840111057",
    "oldData": {
      "sales": "2017/02/24  全世界シリーズ累計680万部突破",
      "reprint": null
    }
  },
  {
    "title": "彩雲国物語",
    "salesValue": 6680000,
    "recordDate": "2022-02-09",
    "salesDesc": "累計668万部突破",
    "sourceDesc": "<a href=\"https://twitter.com/kadokawa_c_bun/status/1491327763890212866\">角川文庫版14巻帯</a>",
    "isbn": "4044499012",
    "oldData": {
      "sales": null,
      "reprint": null
    }
  },
  {
    "title": "図書館戦争",
    "salesValue": 6400000,
    "recordDate": "2020-06-03",
    "salesDesc": "シリーズ累計640万部突破",
    "sourceDesc": "リバコメ!!「<a href=\"http://revacomme.com/vol01-news-20200603/\">第１回イベント情報 TVアニメ『図書館戦争』</a>」",
    "isbn": "4840233616",
    "oldData": {
      "sales": "2020/06/03  シリーズ累計640万部突破",
      "reprint": null
    }
  },
  {
    "title": "ゲート　自衛隊 彼の地にて、斯く戦えり",
    "salesValue": 6300000,
    "recordDate": "2021-12-15",
    "salesDesc": "累計630万部突破(電子含む)",
    "sourceDesc": "<a href=\"https://www.amazon.co.jp/dp/4434297252\">原作0-zero-〈前編〉帯</a>",
    "isbn": "4434142356",
    "oldData": {
      "sales": "2021/12/15  累計630万部突破（電子含む）\n2021/10/06  シリーズ累計610万部突破（電子含む）\n2021/05/11  シリーズ累計600万部突破（電子含む）\n2020/11/10  累計570万部（電子含む※紙書籍500万部）\n2020/06/24  累計560万部（電子含む※紙書籍490万部）\n2019/12/20  累計490万部\n2019/06/21  累計480万部\n2019/01/**  累計470万部\n2018/12/**  累計466万部\n2018/06/**  累計455万部\n2018/04/**  累計445万部",
      "reprint": null
    }
  },
  {
    "title": "ようこそ実力至上主義の教室へ",
    "salesValue": 6000000,
    "recordDate": "2022-02-21",
    "salesDesc": "シリーズ累計600万部突破",
    "sourceDesc": "<a href=\"https://twitter.com/comic_alive/status/1495684719408730113\">月刊コミックアライブTwitter</a>",
    "isbn": "4040676572",
    "oldData": {
      "sales": "2022/02/21  シリーズ累計600万部突破\n2021/06/22  シリーズ累計510万部突破\n2021/02/24  シリーズ累計470万部突破（電子書籍含む）\n2020/10/23  シリーズ累計430万部突破\n2020/06/24  シリーズ累計部数380万部突破\n2020/01/23  シリーズ累計部数330万部突破\n2019/05/24  シリーズ累計部数270万部突破\n2019/01/**  シリーズ累計部数250万部突破\n2018/09/**  シリーズ累計230万部突破\n2018/05/**  シリーズ累計200万部突破",
      "reprint": null
    }
  },
  {
    "title": "本好きの下剋上",
    "salesValue": 6000000,
    "recordDate": "2022-02-18",
    "salesDesc": "シリーズ累計600万部突破(電子書籍を含む)",
    "sourceDesc": "<a href=\"https://twitter.com/FlyingDogInc/status/1494509513260474371\">フライングドッグTwitter</a>、<a href=\"http://www.tobooks.jp/booklove/\">「本好きの下剋上～司書になるためには手段を選んでいられません～」特設サイト</a>",
    "isbn": "4864723427",
    "oldData": {
      "sales": "2022/02/18  シリーズ累計600万部突破（電子書籍を含む）\n2021/11/30  シリーズ累計550万部突破\n2021/07/30  シリーズ累計500万部突破\n2021/07/01  シリーズ累計450万部突破（電子書籍を含む）\n2020/11/25  シリーズ累計400万部突破（電子書籍を含む）\n2020/06/27  シリーズ累計350万部突破（電子書籍を含む）\n2020/02/13  シリーズ累計300万部突破（電子書籍を含む）\n2019/09/09  シリーズ累計200万部突破（電子書籍を含む）\n2019/05/30  シリーズ累計120万部突破\n2018/11/**  シリーズ累計100万部突破\n2018/10/**  シリーズ累計80万部突破\n2018/07/**  累計75万部突破\n2018/06/**  シリーズ累計70万部突破\n2018/03/**  シリーズ累計65万部突破",
      "reprint": "**刷  2020/08/29決定"
    }
  },
  {
    "title": "ノーゲーム・ノーライフ",
    "salesValue": 6000000,
    "recordDate": "2021-08-19",
    "salesDesc": "全世界シリーズ累計600万部突破(電子書籍含む)",
    "sourceDesc": "YouTube「<a href=\"https://www.youtube.com/watch?v=o1HWC9gK2pQ\">MF文庫J『ノーゲーム・ノーライフ』シリーズ 30秒CM 2021年版【PV】</a>」の概要欄",
    "isbn": "4840145466",
    "oldData": {
      "sales": "2021/08/19  全世界シリーズ累計600万部突破（電子書籍含む）\n2018/02/05  全世界シリーズ累計450万部突破",
      "reprint": null
    }
  },
  {
    "title": "デート・ア・ライブ",
    "salesValue": 6000000,
    "recordDate": "2019-03-20",
    "salesDesc": "全世界シリーズ累計600万部突破",
    "sourceDesc": "原作20巻帯",
    "isbn": "4829136235",
    "oldData": {
      "sales": "2019/03/20  全世界シリーズ累計600万部突破\n2019/02/13  全世界シリーズ累計550万部突破\n2015/10/27  累計400万部",
      "reprint": null
    }
  },
  {
    "title": "生徒会シリーズ",
    "salesValue": 6000000,
    "recordDate": "2018-07-20",
    "salesDesc": "累計600万部",
    "sourceDesc": "生徒会の周年帯",
    "isbn": "4829132523",
    "oldData": {
      "sales": "2018/07/20  累計600万部",
      "reprint": null
    }
  },
  {
    "title": "アクセル・ワールド",
    "salesValue": 5700000,
    "recordDate": "2020-06-19",
    "salesDesc": "シリーズ累計570万部突破",
    "sourceDesc": "原作重版帯",
    "isbn": "4048675176",
    "oldData": {
      "sales": "2020/06/19  シリーズ累計570万部突破\n2017/10/02  シリーズ累計480万部\n2017/03/12  シリーズ累計470万部\n2015/10/04  累計435万部突破\n2015/09/17  シリーズ累計435万部\n2015/09/17  シリーズ累計435万部\n2014/01/06  シリーズ累計380万部",
      "reprint": "**刷  ****/**/**決定 ／ 2020/06/19出来"
    }
  },
  {
    "title": "デュラララ!!",
    "salesValue": 5600000,
    "recordDate": "2017-03-12",
    "salesDesc": "シリーズ累計560万部",
    "sourceDesc": "KADOKAWAニュースリリース",
    "isbn": "4840226466",
    "oldData": {
      "sales": "2017/03/12  シリーズ累計560万部\n2015/10/04  累計540万部突破\n2015/09/17  シリーズ累計540万部\n2014/01/06  シリーズ累計470万部",
      "reprint": null
    }
  },
  {
    "title": "少年陰陽師シリーズ",
    "salesValue": 5500000,
    "recordDate": "2017-04-03",
    "salesDesc": "シリーズ累計550万部突破",
    "sourceDesc": "原作こたえぬ背に哭き叫べの角川ビーンズ文庫公式サイト新刊情報",
    "isbn": "4044416036",
    "oldData": {
      "sales": null,
      "reprint": null
    }
  },
  {
    "title": "おいしいコーヒーのいれ方",
    "salesValue": 5450000,
    "recordDate": "2020-04-17",
    "salesDesc": "累計545万部突破",
    "sourceDesc": "JUMP j-BOOKS公式サイト(※2020年4月時点での部数ですが、正式な更新年月日は不明です)",
    "isbn": "4087030253",
    "oldData": {
      "sales": "2020/04/17  累計545万部突破",
      "reprint": null
    }
  },
  {
    "title": "俺の妹がこんなに可愛いわけがない",
    "salesValue": 5200000,
    "recordDate": "2021-03-06",
    "salesDesc": "シリーズ累計520万部突破※紙本と電子書籍の合算数値となります。2021年3月現在。",
    "sourceDesc": "<a href=\"https://twitter.com/oreimo_eromanga/status/1368212357046882318\">原作16巻帯</a>",
    "isbn": "4048671804",
    "oldData": {
      "sales": "2021/03/06  シリーズ累計520万部突破（※紙本と電子書籍の合算数値となります。2021年3月現在。）\n2014/01/06  シリーズ累計500万部",
      "reprint": null
    }
  },
  {
    "title": "デスマーチからはじまる異世界狂想曲",
    "salesValue": 5000000,
    "recordDate": "2022-01-31",
    "salesDesc": "シリーズ累計500万部※原作小説・コミックスの紙本と電子書籍の合算数字となります。2021年12月現在。",
    "sourceDesc": "<a href=\"https://twitter.com/fj_dragonage/status/1488089681166155779\">コミカライズ13巻帯</a>、<a href=\"https://twitter.com/kadokawabooks/status/1488083883484598276\">原作24巻</a>",
    "isbn": "4040700848",
    "oldData": {
      "sales": "2022/01/31  シリーズ累計500万部（※原作小説・コミックスの紙本と電子書籍の合算数字となります。2021年12月現在。）\n2021/07/08  シリーズ累計420万部（※紙本と電子書籍の合算数字となります。2021年7月現在。）\n2020/07/08  シリーズ累計370万部突破（※紙本と電子書籍の合計数字となります。2020年4月現在。）\n2019/10/08  シリーズ累計330万部突破（※紙本と電子書籍の合計数字となります。2019年10月現在。）\n2019/03/**  シリーズ累計320万部突破\n2018/08/**  シリーズ累計300万部突破\n2018/07/**  シリーズ累計280万部突破",
      "reprint": null
    }
  },
  {
    "title": "失格紋の最強賢者　～世界最強の賢者が更に強くなるために転生しました～",
    "salesValue": 5000000,
    "recordDate": "2021-12-10",
    "salesDesc": "シリーズ累計500万部突破",
    "sourceDesc": "コミカライズ17巻帯",
    "isbn": "4797392363",
    "oldData": {
      "sales": "2021/12/10  シリーズ累計500万部突破\n2021/01/31  シリーズ累計400万部突破\n2020/12/11  シリーズ累計350万部突破\n2020/06/12  シリーズ累計300万部突破\n2020/03/13  シリーズ累計250万部突破\n2019/09/12  シリーズ累計200万部突破\n2019/06/05  シリーズ累計180万部突破\n2019/03/**  シリーズ累計150万部突破\n2018/11/**  シリーズ累計100万部突破\n2018/08/**  シリーズ累計80万部突破\n2018/06/**  コミカライズ版累計30万部突破",
      "reprint": "**刷  2020/10/26決定"
    }
  },
  {
    "title": "転生賢者の異世界ライフ　～第二の職業を得て、世界最強になりました～",
    "salesValue": 5000000,
    "recordDate": "2021-12-03",
    "salesDesc": "シリーズ累計発行部数500万部突破",
    "sourceDesc": "<a href=\"https://twitter.com/tenseikenja_PR/status/1466693700638044162\">「転生賢者の異世界ライフ ～第二の職業を得て、世界最強になりました～」公式Twitter</a>",
    "isbn": "4797396954",
    "oldData": {
      "sales": "2021/12/03  シリーズ累計発行部数500万部突破\n2021/11/11  シリーズ累計450万部突破\n2021/05/07  シリーズ累計400万部突破\n2021/01/31  シリーズ累計370万部突破\n2020/10/27  シリーズ累計300万部突破\n2020/07/31  シリーズ累計200万部突破\n2020/03/07  シリーズ累計150万部突破\n2019/09/12  シリーズ累計100万部\n2019/06/12  シリーズ累計70万部\n2019/04/12  シリーズ累計50万部\n2018/12/**  コミカライズ20万部突破",
      "reprint": null
    }
  },
  {
    "title": "乙女ゲームの破滅フラグしかない悪役令嬢に転生してしまった…",
    "salesValue": 5000000,
    "recordDate": "2021-07-02",
    "salesDesc": "原作シリーズ累計500万部突破",
    "sourceDesc": "<a href=\"https://twitter.com/ichijinsha_info/status/1410875345461415939\">一迅社の宣伝課です。Twitter</a>",
    "isbn": "4758047537",
    "oldData": {
      "sales": "2021/07/02  原作シリーズ累計500万部突破\n2021/01/22  シリーズ累計400万部突破\n2020/06/21  シリーズ累計350万部突破\n2020/05/22  原作シリーズ累計300万部突破\n2020/03/25  シリーズ累計250万部突破\n2019/06/21  ノベル・コミック・電子書籍 シリーズ累計150万部突破\n2019/04/20  シリーズ累計100万部突破\n2019/02/**  ノベル・コミック・電子書籍 累計80万部超\n2018/10/**  ノベル・コミック・電子書籍 シリーズ累計60万部超\n2018/05/**  ノベル・コミック・電子書籍 シリーズ累計40万部超",
      "reprint": null
    }
  },
  {
    "title": "ありふれた職業で世界最強",
    "salesValue": 5000000,
    "recordDate": "2021-04-17",
    "salesDesc": "シリーズ500万部突破",
    "sourceDesc": "<a href=\"https://twitter.com/OVL_BUNKO/status/1383261560005558272\">オーバーラップ情報局Twitter</a>",
    "isbn": "4865540555",
    "oldData": {
      "sales": "2021/04/17  シリーズ500万部突破\n2020/10/20  シリーズ累計(紙+電子)450万部突破\n2020/04/22  シリーズ累計(紙+電子)400万部突破\n2019/12/23  シリーズ累計(紙+電子)350万部突破\n2019/06/03  シリーズ累計(紙+電子)250万部突破\n2018/12/**  シリーズ累計(紙+電子)200万部突破\n2018/07/**  シリーズ累計120万部突破\n2018/06/**  シリーズ累計100万部突破",
      "reprint": "**刷  2019/06/04決定\n**刷  2019/03/12決定"
    }
  },
  {
    "title": "狼と香辛料",
    "salesValue": 5000000,
    "recordDate": "2019-09-13",
    "salesDesc": "コミックを含むシリーズ累計発行部数500万部突破",
    "sourceDesc": "株式会社VARKプレリリース(2019/9/13)「VRライブプラットフォーム「VARK」にてトークイベント「狼と香辛料VR in VARK」開催決定！」",
    "isbn": "4048669311",
    "oldData": {
      "sales": "2019/09/13  コミックを含むシリーズ累計発行部数500万部突破\n2018/11/18  シリーズ累計435万部\n2017/03/12  シリーズ累計410万部\n2015/10/04  累計400万部突破",
      "reprint": null
    }
  },
  {
    "title": "とらドラ！",
    "salesValue": 5000000,
    "recordDate": "2017-10-27",
    "salesDesc": "シリーズ累計500万部突破",
    "sourceDesc": "コミカライズ8巻帯",
    "isbn": "4840233535",
    "oldData": {
      "sales": null,
      "reprint": null
    }
  },
  {
    "title": "タクミくんシリーズ",
    "salesValue": 5000000,
    "recordDate": "2016-02-29",
    "salesDesc": "シリーズ累計部数500万部超",
    "sourceDesc": "カクヨムお知らせ(2016/2/29)「累計５００万部超のメガヒット小説「タクミくんシリーズ　完全版」全11巻連続刊行スタート！」",
    "isbn": "4044336016",
    "oldData": {
      "sales": null,
      "reprint": null
    }
  },
  {
    "title": "ブギーポップシリーズ",
    "salesValue": 4720000,
    "recordDate": "2015-10-04",
    "salesDesc": "累計472万部突破",
    "sourceDesc": "電撃文庫総合目録2015",
    "isbn": "4073080407",
    "oldData": {
      "sales": null,
      "reprint": null
    }
  },
  {
    "title": "ハイスクールD×D",
    "salesValue": 4500000,
    "recordDate": "2019-03-20",
    "salesDesc": "シリーズ累計450万部突破",
    "sourceDesc": "原作DX.5巻帯",
    "isbn": "4829133260",
    "oldData": {
      "sales": "2019/03/20  シリーズ累計450万部突破\n2018/03/**  シリーズ累計400万部突破",
      "reprint": null
    }
  },
  {
    "title": "蜘蛛ですが、なにか？",
    "salesValue": 4300000,
    "recordDate": "2021-10-29",
    "salesDesc": "シリーズ累計430万部突破※2021年10月現在 紙本と電子書籍の合算部数です。",
    "sourceDesc": "<a href=\"https://twitter.com/kadokawabooks/status/1453919518607163397\">カドカワBOOKS編集部Twitter</a>",
    "isbn": "4040708296",
    "oldData": {
      "sales": "2021/10/29  シリーズ累計430万部突破（※2021年10月現在 紙本と電子書籍の合算部数です。）\n2021/08/30  シリーズ累計400万部突破（※2021年8月現在 紙本と電子書籍の合算部数です。）\n2020/12/24  累計300万部突破（※2020年11月現在。紙本と電子書籍の合算部数です。）\n2020/06/13  シリーズ累計200万部突破（※紙本と電子書籍の合算数字となります。2020年6月現在）\n2019/10/02  シリーズ累計170万部突破\n2019/07/10  シリーズ累計140万部突破\n2018/07/**  シリーズ累計120万部突破",
      "reprint": null
    }
  },
  {
    "title": "伝説の勇者の伝説",
    "salesValue": 4300000,
    "recordDate": "2011-01-28",
    "salesDesc": "シリーズ累計430万部突破",
    "sourceDesc": "TVアニメ「伝説の勇者の伝説」公式サイト",
    "isbn": "482911410X",
    "oldData": {
      "sales": null,
      "reprint": null
    }
  },
  {
    "title": "とんでもスキルで異世界放浪メシ",
    "salesValue": 4200000,
    "recordDate": "2021-11-20",
    "salesDesc": "シリーズ累計(紙+電子)420万部突破",
    "sourceDesc": "コミカライズ8巻帯",
    "isbn": "4865541675",
    "oldData": {
      "sales": "2021/11/20  シリーズ累計(紙+電子)420万部突破\n2021/05/21  シリーズ累計(紙+電子)350万部突破\n2020/09/18  シリーズ累計(紙+電子)250万部突破\n2020/01/21  シリーズ累計(紙+電子)180万部突破\n2019/07/22  シリーズ累計(紙+電子)120万部突破\n2019/03/**  シリーズ累計(紙+電子)100万部突破\n2019/01/**  シリーズ累計(紙+電子)70万部突破\n2018/05/**  シリーズ累計30万部突破",
      "reprint": "**刷  2019/12/23決定"
    }
  },
  {
    "title": "虚構推理",
    "salesValue": 4000000,
    "recordDate": "2021-10-13",
    "salesDesc": "シリーズ累計400万部突破",
    "sourceDesc": "<a href=\"https://bookclub.kodansha.co.jp/product?item=0000354749\">原作短編集岩永琴子の純真あらすじ・内容</a>",
    "isbn": "4061827685",
    "oldData": {
      "sales": null,
      "reprint": null
    }
  },
  {
    "title": "わたしの幸せな結婚",
    "salesValue": 4000000,
    "recordDate": "2021-09-30",
    "salesDesc": "シリーズ累計400万部突破※小説も含みます",
    "sourceDesc": "<a href=\"https://twitter.com/watashino_info/status/1443394959869050884\">コミカライズ3巻通常版帯</a>",
    "isbn": "4040730194",
    "oldData": {
      "sales": "2021/09/30  シリーズ累計400万部突破（※小説も含みます）\n2021/04/29  シリーズ累計300万部突破\n2021/01/12  シリーズ累計250万部突破\n2020/10/09  シリーズ累計200万部突破\n2020/09/25  シリーズ累計120万部突破\n2020/07/22  シリーズ累計100万部突破\n2020/02/05  シリーズ累計20万部（※コミック、電子書籍の数字含む。）",
      "reprint": null
    }
  },
  {
    "title": "異世界居酒屋「のぶ」",
    "salesValue": 4000000,
    "recordDate": "2021-01-22",
    "salesDesc": "シリーズ累計400万部突破",
    "sourceDesc": "<a href=\"https://twitter.com/iroironaiyo/status/1352589606382759936\">コミカライズ「エーファとまかないおやつ」4巻帯</a>",
    "isbn": "4800230578",
    "oldData": {
      "sales": "2021/01/22  シリーズ累計400万部突破\n2019/08/27  シリーズ累計300万部突破（電子含む）\n2018/11/**  シリーズ累計200万部突破\n2018/09/**  シリーズ累計170万部突破\n2018/05/**  シリーズ累計150万部突破\n2017/11/**  シリーズ累計110万部突破",
      "reprint": null
    }
  },
  {
    "title": "破妖の剣",
    "salesValue": 4000000,
    "recordDate": "2017-03",
    "salesDesc": "シリーズ累計400万部突破",
    "sourceDesc": "破妖の剣完結記念BOOK表紙",
    "isbn": "408611349X",
    "oldData": {
      "sales": null,
      "reprint": null
    }
  },
  {
    "title": "これはゾンビですか？",
    "salesValue": 3700000,
    "recordDate": "2015-10-30",
    "salesDesc": "シリーズ累計370万部突破",
    "sourceDesc": "これはゾンビですか?オブ・ザ・デッド ～人生、やっぱりしゃーなしだ!Blu-ray Box～の商品詳細",
    "isbn": "4829133708",
    "oldData": {
      "sales": "2015/10/30  シリーズ累計370万部突破",
      "reprint": null
    }
  },
  {
    "title": "ロクでなし魔術講師と禁忌教典",
    "salesValue": 3600000,
    "recordDate": "2020-10-16",
    "salesDesc": "シリーズ累計360万部突破",
    "sourceDesc": "「ロクでなし魔術講師と禁忌教典」公式Twitter→原作追想日誌7巻帯",
    "isbn": "404070231X",
    "oldData": {
      "sales": "2020/10/16  シリーズ累計360万部突破\n2020/01/18  シリーズ累計300万部突破（※コミックス、電子含む(2019年12月現在)）\n2019/03/**  シリーズ累計250万部突破\n2018/07/20  シリーズ累計200万部突破",
      "reprint": null
    }
  },
  {
    "title": "異世界魔王と召喚少女の奴隷魔術",
    "salesValue": 3500000,
    "recordDate": "2022-01-07",
    "salesDesc": "紙+電子でシリーズ累計350万部突破",
    "sourceDesc": "コミカライズ16巻帯",
    "isbn": "4063814335",
    "oldData": {
      "sales": "2022/01/07  紙+電子でシリーズ累計350万部突破\n2021/12/24  シリーズ累計338万部\n2021/08/26  シリーズ累計326万部\n2021/05/26  シリーズ累計310万部\n2021/02/26  シリーズ累計300万部突破（紙+電子）\n2020/10/09  シリーズ累計280万部突破（※紙+電子）\n2020/09/25  シリーズ累計272万部突破\n2020/03/27  シリーズ累計250万部突破（紙+電子）\n2020/03/02  シリーズ累計247万部\n2020/01/06  シリーズ累計244万部\n2019/11/03  シリーズ累計236万部\n2019/10/09  シリーズ累計230万部突破（紙+電子）\n2019/08/23  シリーズ累計227万部\n2019/04/23  シリーズ累計220万部（電子含む）\n2018/09/**  シリーズ累計200万部（電子含む）\n2018/08/**  シリーズ累計150万部突破（電子含む）\n2018/07/**  シリーズ累計140万部突破",
      "reprint": null
    }
  },
  {
    "title": "はたらく魔王さま！",
    "salesValue": 3500000,
    "recordDate": "2021-10-22",
    "salesDesc": "シリーズ累計発行部数350万部突破",
    "sourceDesc": "株式会社アニメイトホールディングスプレスリリース「<a href=\"https://prtimes.jp/main/html/rd/p/000002992.000016756.html\">「『はたらく魔王さま！』原作10周年記念オンリーショップ-ヴィラ・ローザJMA-」開催決定！アニメイトJMA東京タワー、ムービック通販同時開催！</a>」",
    "isbn": "404870270X",
    "oldData": {
      "sales": "2021/10/22  シリーズ累計発行部数350万部突破\n2018/11/18  シリーズ累計300万部\n2017/03/12  シリーズ累計270万部\n2015/10/04  累計245万部突破\n2015/09/17  シリーズ累計245万部",
      "reprint": null
    }
  },
  {
    "title": "悪役令嬢は隣国の王太子に溺愛される",
    "salesValue": 3500000,
    "recordDate": "2021-06-30",
    "salesDesc": "シリーズ累計350万部突破※2021年6月現在・電子書籍含む",
    "sourceDesc": "コミカライズ8巻帯",
    "isbn": "404728257X",
    "oldData": {
      "sales": "2021/06/30  シリーズ累計350万部突破（※2021年6月現在・電子書籍含む）\n2020/09/30  シリーズ累計240万部突破\n2020/06/13  文庫＆コミックスシリーズ累計170万部突破（※2020年6月現在・電子書籍含む）\n2020/02/21  シリーズ累計100万部突破（紙・電子含む）\n2019/10/04  シリーズ累計70万部突破\n2019/04/25  シリーズ累計25万部突破",
      "reprint": null
    }
  },
  {
    "title": "冴えない彼女の育てかた",
    "salesValue": 3500000,
    "recordDate": "2019-11-29",
    "salesDesc": "シリーズ累計350万部突破",
    "sourceDesc": "株式会社アニメイトホールディングスプレリリース(2019/11/29)",
    "isbn": "4829137878",
    "oldData": {
      "sales": "2019/11/29  シリーズ累計350万部突破\n2018/06/**  シリーズ累計250万部突破",
      "reprint": null
    }
  },
  {
    "title": "“文学少女”シリーズ",
    "salesValue": 3500000,
    "recordDate": "2021-02-28",
    "salesDesc": "累計350万部",
    "sourceDesc": "アキバblog「<a href=\"http://blog.livedoor.jp/geek/archives/51612392.html\">【コラム】アニメ化決定した異世界ファンタジー「リアデイルの大地にて」。そして“文学少女”の後継作「むすぶと本。」最新刊！</a>」",
    "isbn": "4757728069",
    "oldData": {
      "sales": "2021/02/28  累計350万部\n2011/04/30  250万部突破",
      "reprint": null
    }
  },
  {
    "title": "ナイツ＆マジック",
    "salesValue": 3400000,
    "recordDate": "2022-03-19",
    "salesDesc": "シリーズ累計340万部突破",
    "sourceDesc": "<a href=\"https://twitter.com/isiyumi/status/1505100654498394117\">コミカライズ17巻帯</a>",
    "isbn": "4072881597",
    "oldData": {
      "sales": "2022/03/19  シリーズ累計340万部突破\n2021/03/18  シリーズ累計300万部突破\n2020/11/14  シリーズ累計280万部突破\n2020/07/15  シリーズ累計260万部突破\n2020/03/25  シリーズ累計220万部突破\n2019/11/15  シリーズ累計210万部突破\n2019/07/17  シリーズ累計200万部突破\n2019/03/**  シリーズ累計190万部突破\n2018/10/**  シリーズ累計170万部突破\n2018/07/**  シリーズ累計160万部突破\n2018/03/**  シリーズ累計150万部突破",
      "reprint": null
    }
  },
  {
    "title": "君の名は。",
    "salesValue": 3400000,
    "recordDate": "2018-02-23",
    "salesDesc": "シリーズ累計340万部突破",
    "sourceDesc": "コミカライズAnother Side:Earthbound 1巻帯",
    "isbn": "4041026229",
    "oldData": {
      "sales": "2018/02/23  シリーズ累計340万部突破",
      "reprint": null
    }
  },
  {
    "title": "デルフィニア戦記",
    "salesValue": 3350000,
    "recordDate": "2019-02-17",
    "salesDesc": "累計335万部突破",
    "sourceDesc": "「デルフィニア戦記」舞台化続編決定記事(2019/2/17)",
    "isbn": "4125002606",
    "oldData": {
      "sales": null,
      "reprint": null
    }
  },
  {
    "title": "異世界チート魔術師",
    "salesValue": 3300000,
    "recordDate": "2022-02-23",
    "salesDesc": "シリーズ累計330万部突破",
    "sourceDesc": "コミカライズ12巻帯",
    "isbn": "4072909726",
    "oldData": {
      "sales": "2022/02/23  シリーズ累計330万部突破\n2021/10/15  シリーズ累計320万部突破\n2021/07/23  シリーズ累計315万部突破（※電子版含む）\n2021/02/12  シリーズ累計310万部突破（※電子版含む）\n2020/09/11  シリーズ累計295万部突破\n2020/03/13  シリーズ累計280万部突破\n2019/06/04  シリーズ累計200万部突破\n2019/03/**  シリーズ累計140万部突破\n2018/09/**  シリーズ累計100万部突破\n2018/05/**  シリーズ累計90万部突破\n2018/04/**  シリーズ累計85万部超\n2017/12/**  シリーズ累計70万部突破",
      "reprint": null
    }
  },
  {
    "title": "聖女の魔力は万能です",
    "salesValue": 3300000,
    "recordDate": "2021-12-01",
    "salesDesc": "シリーズ累計330万部突破※紙本と電子書籍の合算数字となります。2021年12月現在。",
    "sourceDesc": "コミカライズ7巻帯",
    "isbn": "4040721853",
    "oldData": {
      "sales": "2021/12/01  シリーズ累計330万部突破（※紙本と電子書籍の合算数字となります。2021年12月現在。）\n2021/06/03  シリーズ累計240万部突破\n2021/04/04  シリーズ累計220万部突破\n2021/01/08  シリーズ累計190万部突破（※紙本と電子書籍の合算(2020年11月現在)）\n2019/07/03  シリーズ累計50万部突破",
      "reprint": "**刷  2020/08/20決定"
    }
  },
  {
    "title": "新妹魔王の契約者",
    "salesValue": 3200000,
    "recordDate": "2021-03-23",
    "salesDesc": "全世界シリーズ累計320万部突破",
    "sourceDesc": "<a href=\"https://twitter.com/kadokawasneaker/status/1374300261678686210\">原作13巻帯</a>",
    "isbn": "4041004950",
    "oldData": {
      "sales": "2021/03/23  全世界シリーズ累計320万部突破\n2016/07/**  シリーズ累計230万部突破",
      "reprint": null
    }
  },
  {
    "title": "ストライク・ザ・ブラッド",
    "salesValue": 3200000,
    "recordDate": "2020-08-28",
    "salesDesc": "シリーズ累計320万部突破",
    "sourceDesc": "株式会社KADOKAWAプレリリース(2020/8/28)「原作小説完結記念！ 電撃文庫の人気作『ストライク・ザ・ブラッド』ヒロイン・姫柊雪菜の常夏のウェディングVer.フィギュア、予約受付開始！」",
    "isbn": "404870267X",
    "oldData": {
      "sales": "2020/08/28  シリーズ累計320万部突破\n2020/06/21  シリーズ累計250万部突破（※シリーズ累計部数は紙本と電子書籍の合算数字となります。2020年4月現在）\n2015/10/04  累計180万部突破\n2014/01/06  シリーズ累計130万部",
      "reprint": "**刷  ****/**/**決定 ／ 2020/06/21出来"
    }
  },
  {
    "title": "たとえばラストダンジョン前の村の少年が序盤の街で暮らすような物語",
    "salesValue": 3000000,
    "recordDate": "2022-04-12",
    "salesDesc": "シリーズ累計300万部突破",
    "sourceDesc": "<a href=\"https://twitter.com/i2600x3_materu/status/1514526728739516417\">コミカライズ10巻帯裏</a>",
    "isbn": "4797390298",
    "oldData": {
      "sales": "2022/04/12  シリーズ累計300万部突破\n2021/09/10  シリーズ累計280万部突破\n2021/03/10  シリーズ累計250万部突破\n2020/12/07  シリーズ累計200万部突破\n2020/09/11  シリーズ180万部突破\n2020/04/11  シリーズ累計150万部突破\n2019/07/11  シリーズ累計100万部突破\n2019/02/**  累計80万部突破\n2019/01/**  シリーズ累計60万部\n2018/12/**  累計50万部突破\n2018/07/**  累計30万部突破",
      "reprint": null
    }
  },
  {
    "title": "神達に拾われた男",
    "salesValue": 3000000,
    "recordDate": "2022-02-07",
    "salesDesc": "シリーズ累計300万部突破",
    "sourceDesc": "<a href=\"https://twitter.com/animatemito/status/1490556086495358978\">コミカライズ8巻帯裏</a>",
    "isbn": "4798615099",
    "oldData": {
      "sales": "2022/02/07  シリーズ累計300万部突破\n2021/12/18  シリーズ累計290万部突破\n2021/04/08  シリーズ累計250万部突破\n2020/12/02  シリーズ累計200万部突破\n2020/10/09  シリーズ累計180万部突破\n2020/08/20  シリーズ累計160万部突破\n2019/10/13  シリーズ累計100万部突破",
      "reprint": null
    }
  },
  {
    "title": "告白予行練習",
    "salesValue": 3000000,
    "recordDate": "2021-09-07",
    "salesDesc": "累計300万部突破",
    "sourceDesc": "<a href=\"https://twitter.com/beansbunko/status/1435140082021765120\">角川ビーンズ文庫 公式Twitter</a>",
    "isbn": "4041012031",
    "oldData": {
      "sales": "2021/09/07  累計300万部突破\n2020/03/23  関連累計260万部突破\n2019/12/22  シリーズ関連累計250万部突破\n2019/06/02  シリーズ関連累計247万部突破\n2017/11/**  シリーズ関連累計200万部突破\n2016/09/**  累計140万部突破",
      "reprint": null
    }
  },
  {
    "title": "カラダ探し",
    "salesValue": 3000000,
    "recordDate": "2021-01-27",
    "salesDesc": "累計300万部突破",
    "sourceDesc": "<a href=\"https://twitter.com/momiyama2019/status/1354095594793394176\">モミー【少年ジャンプ＋編集】Twitter</a>",
    "isbn": "4883817555",
    "oldData": {
      "sales": null,
      "reprint": null
    }
  },
  {
    "title": "君の膵臓をたべたい",
    "salesValue": 3000000,
    "recordDate": "2020-07-28",
    "salesDesc": "累計300万部突破",
    "sourceDesc": "株式会社新潮社プレリリース(2020/7/28)「史上初「小説家×ミュージシャン」のコラボ作品住野よるが初めて描く、恋愛長篇『この気持ちもいつか忘れる』単行本刊行決定！」",
    "isbn": "4575239054",
    "oldData": {
      "sales": "2020/07/28  累計300万部突破\n2019/10/31  売上295万冊突破\n2019/03/**  280万部超\n2018/12/03  累計発行部数270万部突破\n2018/08/**  累計260万部突破\n2018/07/**  累計250万部突破",
      "reprint": null
    }
  },
  {
    "title": "境界線上のホライゾン",
    "salesValue": 3000000,
    "recordDate": "2021-12-10",
    "salesDesc": "シリーズ累計発行300万部",
    "sourceDesc": "株式会社KADOKAWAプレリリース「<a href=\"https://prtimes.jp/main/html/rd/p/000009688.000007006.html\">川上 稔25周年を記念し公式サイトがオープン!! 豪華描き下ろしの記念イラストも解禁!!</a>」",
    "isbn": "4048672185",
    "oldData": {
      "sales": "2021/12/10  シリーズ累計発行300万部\n2020/09/10  シリーズ累計発行部数280万部超\n2016/07/**  累計260万部\n2015/10/04  累計246万部突破",
      "reprint": null
    }
  },
  {
    "title": "誰かこの状況を説明してください！",
    "salesValue": 3000000,
    "recordDate": "2021-12-09",
    "salesDesc": "シリーズ累計300万部※原作小説・電子書籍含む",
    "sourceDesc": "コミカライズ6巻帯",
    "isbn": "4861346576",
    "oldData": {
      "sales": "2021/12/09  シリーズ累計300万部（※原作小説・電子書籍含む）\n2020/09/10  シリーズ累計160万部（原作小説・電子書籍含む）\n2019/12/23  シリーズ累計100万部\n2019/08/17  シリーズ累計50万部越え",
      "reprint": null
    }
  },
  {
    "title": "問題児シリーズ",
    "salesValue": 3000000,
    "recordDate": "2018-10-31",
    "salesDesc": "全世界シリーズ累計300万部",
    "sourceDesc": "ザ・スニーカーLEGEND",
    "isbn": "404474839X",
    "oldData": {
      "sales": "2018/10/31  全世界シリーズ累計300万部\n2018/03/**  シリーズ累計200万部超",
      "reprint": null
    }
  },
  {
    "title": "理想のヒモ生活",
    "salesValue": 2900000,
    "recordDate": "2022-04-01",
    "salesDesc": "シリーズ累計290万部突破(電子版含む)",
    "sourceDesc": "コミカライズ14巻帯",
    "isbn": "4072840785",
    "oldData": {
      "sales": "2022/04/01  シリーズ累計290万部突破（電子版含む）\n2021/12/01  シリーズ累計275万部突破（電子版含む）\n2021/09/15  シリーズ累計270万部突破\n2021/07/01  シリーズ累計260万部突破（電子版含む）\n2021/03/02  シリーズ累計250万部突破（電子版含む）\n2020/10/30  シリーズ累計230万部突破（電子版含む）\n2020/06/01  シリーズ累計200万部突破\n2020/02/01  シリーズ累計180万部突破\n2019/10/02  シリーズ累計140万部突破\n2019/04/23  シリーズ累計130万部突破\n2019/01/**  シリーズ累計95万部突破\n2018/11/**  シリーズ累計90万部突破\n2018/07/**  シリーズ累計80万部突破",
      "reprint": null
    }
  },
  {
    "title": "化物語",
    "salesValue": 2800000,
    "recordDate": "2020-11-17",
    "salesDesc": "コミカライズ累計280万部突破",
    "sourceDesc": "化物語【漫画公式】Twitter(JR山手線中吊り広告)",
    "isbn": "4062836025",
    "oldData": {
      "sales": "2020/11/17  コミカライズ累計280万部突破\n2020/08/17  コミカライズ累計240万部突破（電子版版含む1～9巻※10巻含まず）\n2019/10/17  コミカライズ累計200万部突破（海外・デジタル版含む）\n2019/01/**  コミカライズ100万部突破",
      "reprint": null
    }
  },
  {
    "title": "鬼滅の刃",
    "salesValue": 2800000,
    "recordDate": "2020-07-03",
    "salesDesc": "小説版シリーズ累計発行部数280万部突破",
    "sourceDesc": "株式会社集英社プレリリース(2020/7/3)",
    "isbn": "4087034739",
    "oldData": {
      "sales": "2020/07/03  小説版シリーズ累計発行部数280万部突破\n2020/06/26  小説版累計200万部突破（既刊各巻100万部ずつ）\n2020/05/15  小説版累計180万部突破\n2020/03/19  小説版累計130万部突破\n2020/02/07  小説版累計発行部数116万部（2/19の重版～）\n2020/01/27  小説版累計96万部突破\n2019/12/04  小説版累計80万部突破\n2019/12/02  小説版累計70万部突破\n2019/11/20  小説版累計55万部突破\n2019/10/10  小説版累計40万部突破\n2019/10/04  小説版累計25万部突破",
      "reprint": "**刷  2020/04/01決定 ／ 2020/04/13出来\n**刷  2020/03/09決定 ／ 2020/03/19出来\n**刷  2020/02/13決定 ／ 2020/02/19出来\n**刷  2019/12/04決定"
    }
  },
  {
    "title": "もし高校野球の女子マネージャーがドラッカーの『マネジメント』を読んだら",
    "salesValue": 2800000,
    "recordDate": "2015-11-28",
    "salesDesc": "280万部",
    "sourceDesc": "新潮文庫版帯",
    "isbn": "4478012032",
    "oldData": {
      "sales": "2015/11/28  280万部",
      "reprint": null
    }
  },
  {
    "title": "八男って、それはないでしょう！",
    "salesValue": 2700000,
    "recordDate": "2020-04-18",
    "salesDesc": "シリーズ累計270万部突破",
    "sourceDesc": "株式会社アニメイトホールディングスプレリリース(2020/4/18)",
    "isbn": "4040667190",
    "oldData": {
      "sales": "2020/04/18  シリーズ累計270万部突破\n2020/03/08  シリーズ累計250万部突破\n2019/09/05  シリーズ累計200万部突破\n2019/03/**  シリーズ累計160万部突破\n2018/12/14  シリーズ累計140万部突破\n2016/08/**  シリーズ累計55万部突破",
      "reprint": "**刷  ****/**/**決定 ／ 2020/05/16出来"
    }
  },
  {
    "title": "LV999の村人",
    "salesValue": 2600000,
    "recordDate": "2022-02-25",
    "salesDesc": "コミックス累計260万部突破※紙本と電子書籍の合算。2022年2月現在。",
    "sourceDesc": "コミカライズ11巻帯",
    "isbn": "4047341177",
    "oldData": {
      "sales": "2022/02/25  コミックス累計260万部突破（※紙本と電子書籍の合算。2022年2月現在。）\n2021/08/15  コミックス累計240万部突破（※紙本と電子書籍の合算。2021年8月現在。）\n2021/02/24  コミックス累計220万部突破（※紙本と電子書籍の合算。2021年2月現在。）\n2020/10/20  コミックス累計200万部突破（※紙本と電子書籍の合算。2020年10月現在。）\n2020/05/23  コミックス累計140万部突破（※紙本と電子書籍の合算。2020年5月現在。）\n2019/12/24  コミックス累計120万部突破\n2019/05/31  シリーズ累計100万部突破\n2019/05/28  コミックス累計95万部突破\n2019/01/**  シリーズ累計90万部突破\n2018/07/**  シリーズ累計50万部突破\n2018/02/**  シリーズ累計20万部突破",
      "reprint": null
    }
  },
  {
    "title": "月が導く異世界道中",
    "salesValue": 2600000,
    "recordDate": "2022-02-01",
    "salesDesc": "小説と漫画併せシリーズ累計260万部突破(電子含む)",
    "sourceDesc": "<a href=\"https://twitter.com/AzumikeiWr/status/1488376892898316289\">作者Twitter</a>、<a href=\"https://twitter.com/alpha_polis/status/1491246287001636868\">アルファポリスTwitter</a>",
    "isbn": "4434179535",
    "oldData": {
      "sales": "2022/02/01  小説と漫画併せシリーズ累計260万部突破（電子含む）\n2021/06/04  シリーズ累計200万部突破（電子含む）\n2021/04/28  シリーズ累計170万部突破\n2020/10/20  原作累計発行部数140万部突破（電子含む）\n2020/02/19  シリーズ累計117万部突破（電子含む）\n2019/06/21  シリーズ累計75万部\n2018/10/**  シリーズ累計70万部突破\n2018/03/**  累計62万部",
      "reprint": null
    }
  },
  {
    "title": "殺戮の天使",
    "salesValue": 2600000,
    "recordDate": "2021-05-26",
    "salesDesc": "シリーズ累計260万部突破",
    "sourceDesc": "コミカライズEpisode.0 4巻帯",
    "isbn": "4047341150",
    "oldData": {
      "sales": "2021/05/26  シリーズ累計260万部突破\n2020/03/27  シリーズ累計240万部突破\n2019/09/27  シリーズ累計225万部突破\n2019/03/25  シリーズ累計220万部突破\n2018/09/**  シリーズ累計180万部突破\n2018/07/**  シリーズ累計170万部突破",
      "reprint": null
    }
  },
  {
    "title": "神曲奏界ポリフォニカ",
    "salesValue": 2600000,
    "recordDate": "2013-06-15",
    "salesDesc": "シリーズ累計260万部超",
    "sourceDesc": "原作ファイナライジング・クリムゾン帯",
    "isbn": "4797334436",
    "oldData": {
      "sales": null,
      "reprint": null
    }
  },
  {
    "title": "ひげを剃る。そして女子高生を拾う。",
    "salesValue": 2500000,
    "recordDate": "2022-02-23",
    "salesDesc": "シリーズ累計250万部突破※電子書籍含む",
    "sourceDesc": "コミカライズ7巻帯",
    "isbn": "4041064759",
    "oldData": {
      "sales": "2022/02/23  シリーズ累計250万部突破（※電子書籍含む）\n2021/06/11  シリーズ累計200万部突破\n2021/02/26  累計発行部数150万部突破（原作、コミカライズ、前述両方の電子書籍売り上げ含む）\n2021/01/20  累計発行部数120万部突破\n2020/11/22  シリーズ累計100万部突破（※電子書籍含む）\n2020/05/23  シリーズ累計70万部突破（※小説とコミック、それぞれ紙本と電子書籍の合算数値となります。2020年5月現在。）\n2020/01/16  シリーズ累計50万部突破（※小説とコミック、それぞれ紙本と電子書籍の合計数字となります。2020年1月現在。）\n2019/09/20  シリーズ累計40万部（電子含む）\n2019/08/22  シリーズ累計35万部（電子含む）",
      "reprint": "**刷  ****/**/**決定 ／ 2020/07/10出来\n**刷  2019/11/20決定"
    }
  },
  {
    "title": "回復術士のやり直し",
    "salesValue": 2500000,
    "recordDate": "2022-01-25",
    "salesDesc": "シリーズ累計250万部突破(電子含む)",
    "sourceDesc": "<a href=\"https://twitter.com/Tsukiyo_rui/status/1485958991889203200\">作者Twitter</a>、<a href=\"https://twitter.com/youngace_up/status/1488354669948817408\">コミカライズ10巻帯</a>",
    "isbn": "4041056802",
    "oldData": {
      "sales": "2022/01/25  シリーズ累計250万部突破（電子含む）\n2021/07/28  シリーズ累計230万部突破（電子含む）\n2021/03/06  シリーズ累計200万部突破\n2020/12/09  シリーズ累計170万部突破（※紙本と電子書籍の合算数値となります。2020年9月現在）\n2020/10/01  シリーズ累計130万部\n2020/04/24  シリーズ累計100万部\n2019/11/21  シリーズ累計80万部突破\n2019/06/14  シリーズ累計65万部突破\n2019/02/**  シリーズ累計50万部突破\n2019/01/**  シリーズ累計45万部突破\n2018/10/**  30万部超\n2018/08/**  シリーズ累計25万部突破\n2018/03/**  シリーズ累計15万部突破",
      "reprint": "**刷  2020/08/07決定"
    }
  },
  {
    "title": "鹿の王",
    "salesValue": 2500000,
    "recordDate": "2021-08-14",
    "salesDesc": "シリーズ累計250万部突破",
    "sourceDesc": "<a href=\"https://twitter.com/AEON_CINEMA/status/1426446012327944192\">イオンシネマ【公式】Twitter</a>",
    "isbn": "4041018889",
    "oldData": {
      "sales": "2021/08/14  シリーズ累計250万部突破\n2021/07/09  シリーズ累計230万部突破\n2020/05/20  シリーズ累計220万部\n2019/03/**  シリーズ累計190万部突破\n2018/11/**  累計185万部突破",
      "reprint": null
    }
  },
  {
    "title": "妹さえいればいい。",
    "salesValue": 2500000,
    "recordDate": "2018-12-18",
    "salesDesc": "全世界累計250万部突破",
    "sourceDesc": "原作11巻帯",
    "isbn": "4094515070",
    "oldData": {
      "sales": "2018/12/18  全世界累計250万部突破\n2018/07/**  累計140万部突破",
      "reprint": "**刷  2020/03/10決定"
    }
  },
  {
    "title": "異世界はスマートフォンとともに。",
    "salesValue": 2500000,
    "recordDate": "2021-12-29",
    "salesDesc": "シリーズ累計250万部",
    "sourceDesc": "<a href=\"https://twitter.com/necro2424/status/1476144235858763782\">コミカライズ「VRMMOはウサギマフラーとともに。」1巻帯</a>",
    "isbn": "4798610186",
    "oldData": {
      "sales": "2021/12/29  シリーズ累計250万部\n2020/11/19  シリーズ累計220万部突破（電子版含む）\n2020/01/21  シリーズ累計200万部突破\n2018/09/**  シリーズ累計140万部突破\n2018/06/**  シリーズ累計100万部突破",
      "reprint": null
    }
  },
  {
    "title": "古典部シリーズ",
    "salesValue": 2450000,
    "recordDate": "2019-06-05",
    "salesDesc": "シリーズ累計245万部突破",
    "sourceDesc": "カドブン『いまさら翼といわれても』試し読み→角川文庫『いまさら翼といわれても』帯",
    "isbn": "4044271011",
    "oldData": {
      "sales": "2019/06/05  シリーズ累計245万部突破",
      "reprint": null
    }
  },
  {
    "title": "ロウきゅーぶ！",
    "salesValue": 2430000,
    "recordDate": "2015-10-04",
    "salesDesc": "累計243万部突破",
    "sourceDesc": "電撃文庫総合目録2015",
    "isbn": "4048675206",
    "oldData": {
      "sales": "2015/10/04  累計243万部突破\n2014/01/06  シリーズ累計165万部",
      "reprint": null
    }
  },
  {
    "title": "くま クマ 熊 ベアー",
    "salesValue": 2400000,
    "recordDate": "2021-12-20",
    "salesDesc": "シリーズ累計240万部突破",
    "sourceDesc": "<a href=\"https://www.shufu.co.jp/bookmook/detail/9784391157017/\">原作18巻帯</a>",
    "isbn": "4391146916",
    "oldData": {
      "sales": "2021/12/20  シリーズ累計240万部突破\n2021/10/20  シリーズ累計230万部突破\n2021/04/21  シリーズ累計200万部突破\n2021/04/06  シリーズ累計180万部突破\n2020/09/09  シリーズ累計100万部突破\n2020/05/15  シリーズ累計75万部突破\n2020/03/27  シリーズ累計70万部突破\n2019/12/31  シリーズ累計60万部突破\n2019/08/08  シリーズ累計50万部突破（※電子含む）\n2019/04/24  シリーズ累計40万部突破（※電子含む）\n2019/02/**  シリーズ累計35万部突破（※電子含む）\n2019/01/**  シリーズ30万部突破（※電子含む）",
      "reprint": "**刷  2020/08/19決定"
    }
  },
  {
    "title": "珈琲店タレーランの事件簿",
    "salesValue": 2350000,
    "recordDate": "2022-03-04",
    "salesDesc": "累計235万部突破",
    "sourceDesc": "<a href=\"https://www.amazon.co.jp/dp/4299026993\">原作7巻帯</a>",
    "isbn": "4800200725",
    "oldData": {
      "sales": "2022/03/04  累計235万部突破\n2019/10/28  210万部突破\n2019/04/30  シリーズ累計200万部突破",
      "reprint": "**刷  ****/**/**決定 ／ 2019/11/06出来"
    }
  },
  {
    "title": "精霊幻想記",
    "salesValue": 2300000,
    "recordDate": "2022-05-01",
    "salesDesc": "シリーズ累計230万部突破",
    "sourceDesc": "<a href=\"https://twitter.com/yuri_kitayama/status/1520688707392897024\">作者Twitter</a>",
    "isbn": "4798610984",
    "oldData": {
      "sales": "2022/05/01  シリーズ累計230万部突破\n2022/02/28  シリーズ累計220万部突破\n2021/09/22  シリーズ累計200万部突破\n2021/09/01  シリーズ累計190万部突破\n2021/06/23  シリーズ累計160万部突破\n2021/04/16  シリーズ累計130万部突破\n2020/11/27  シリーズ累計発行部数120万部突破\n2019/11/28  シリーズ累計100万部突破\n2019/07/25  シリーズ累計90万部突破\n2019/03/**  シリーズ累計75万部突破",
      "reprint": null
    }
  },
  {
    "title": "異世界薬局",
    "salesValue": 2300000,
    "recordDate": "2021-07-15",
    "salesDesc": "シリーズ累計230万部突破",
    "sourceDesc": "<a href=\"https://twitter.com/isekai_yakkyoku/status/1415612105684783109\">TVアニメ『異世界薬局』公式Twitter</a>",
    "isbn": "4040680472",
    "oldData": {
      "sales": "2021/07/15  シリーズ累計230万部突破\n2020/09/19  コミックス累計90万部突破（※紙+電子の合算となります。）\n2019/10/19  コミックス累計44万部突破\n2019/09/09  コミックス累計40万部突破\n2019/02/21  コミックス累計20万部突破",
      "reprint": null
    }
  },
  {
    "title": "魔弾の王と戦姫",
    "salesValue": 2300000,
    "recordDate": "2017-11-21",
    "salesDesc": "シリーズ累計230万部突破",
    "sourceDesc": "魔弾の王と戦姫 片桐雛太画集帯",
    "isbn": "4840138575",
    "oldData": {
      "sales": "2017/11/21  シリーズ累計230万部突破",
      "reprint": null
    }
  },
  {
    "title": "異世界のんびり農家",
    "salesValue": 2200000,
    "recordDate": "2022-03-30",
    "salesDesc": "シリーズ累計220万部突破(※紙本と電子書籍の合算数字となります。2022年2月現在。)",
    "sourceDesc": "原作12巻帯、<a href=\"https://twitter.com/Tsurugi_Y/status/1508979591230091264\">コミカライズ9巻帯</a>",
    "isbn": "4047348481",
    "oldData": {
      "sales": "2022/03/30  シリーズ累計220万部突破（※紙本と電子書籍の合算数字となります。2022年2月現在。）\n2021/08/02  シリーズ累計200万部突破（※紙本と電子書籍の合算数字となります。2021年9月現在。）\n2021/04/27  シリーズ累計180万部突破\n2021/02/26  シリーズ累計160万部突破（※紙本と電子書籍の合算数字となります。2021年1月現在。）\n2020/11/01  シリーズ累計150万部突破\n2020/06/13  シリーズ累計130万部突破（※紙本と電子書籍の合算数字となります。2020年6月現在。）\n2019/12/25  シリーズ累計100万部突破（※紙本と電子書籍の合計数字となります。2019年11月現在。）\n2019/07/30  シリーズ累計80万部突破\n2019/04/04  シリーズ累計50万部突破\n2018/11/**  シリーズ累計45万部突破\n2018/07/**  シリーズ累計25万部突破",
      "reprint": null
    }
  },
  {
    "title": "アラフォー賢者の異世界生活日記",
    "salesValue": 2200000,
    "recordDate": "2022-02-25",
    "salesDesc": "シリーズ累計220万部突破",
    "sourceDesc": "<a href=\"https://www.amazon.co.jp/dp/4046811749\">原作16巻帯</a>",
    "isbn": "4040686411",
    "oldData": {
      "sales": "2022/02/25  シリーズ累計220万部突破\n2019/04/25  シリーズ累計50万部突破\n2017/12/**  シリーズ累計30万部突破",
      "reprint": null
    }
  },
  {
    "title": "俺がお嬢様学校に「庶民サンプル」として拉致られた件",
    "salesValue": 2200000,
    "recordDate": "2016-01-27",
    "salesDesc": "ノベル+コミック シリーズ累計220万部突破",
    "sourceDesc": "コミカライズ9巻帯",
    "isbn": "475804273X",
    "oldData": {
      "sales": "2016/01/27  ノベル+コミック シリーズ累計220万部突破",
      "reprint": null
    }
  },
  {
    "title": "IS〈インフィニット・ストラトス〉",
    "salesValue": 2200000,
    "recordDate": "2014-05",
    "salesDesc": "累計発行部数220万部突破(※メディアファクトリーより発売された文庫も含む)",
    "sourceDesc": "IS＜インフィニット・ストラトス＞2 Vol.7商品紹介",
    "isbn": "4906866050",
    "oldData": {
      "sales": "2014/05/**  累計発行部数220万部突破（※メディアファクトリーより発売された文庫も含む）",
      "reprint": null
    }
  },
  {
    "title": "まおゆう魔王勇者",
    "salesValue": 2200000,
    "recordDate": "2013-01",
    "salesDesc": "シリーズ累計220万部突破",
    "sourceDesc": "橙乃ままれ公式サイト",
    "isbn": "4047275514",
    "oldData": {
      "sales": null,
      "reprint": null
    }
  },
  {
    "title": "変態王子と笑わない猫。",
    "salesValue": 2150000,
    "recordDate": "2018-03-22",
    "salesDesc": "シリーズ累計215万部突破",
    "sourceDesc": "原作12巻帯",
    "isbn": "484013555X",
    "oldData": {
      "sales": "2018/03/22  シリーズ累計215万部突破",
      "reprint": null
    }
  },
  {
    "title": "バッカーノ！",
    "salesValue": 2040000,
    "recordDate": "2015-10-04",
    "salesDesc": "累計204万部突破",
    "sourceDesc": "電撃文庫総合目録2015",
    "isbn": "4840222789",
    "oldData": {
      "sales": "2015/10/04  累計204万部突破",
      "reprint": null
    }
  },
  {
    "title": "りゅうおうのおしごと！",
    "salesValue": 2030000,
    "recordDate": "2020-08-19",
    "salesDesc": "シリーズ累計203万部",
    "sourceDesc": "作者Twitter",
    "isbn": "4797384840",
    "oldData": {
      "sales": "2020/08/19  シリーズ累計203万部\n2019/02/**  シリーズ累計150万部突破\n2018/06/**  シリーズ累計発行部数120万部突破\n2017/12/**  シリーズ累計100万部突破",
      "reprint": "**刷  2020/07/22決定"
    }
  },
  {
    "title": "転生したら剣でした",
    "salesValue": 2000000,
    "recordDate": "2022-03-27",
    "salesDesc": "シリーズ累計200万部突破",
    "sourceDesc": "<a href=\"https://twitter.com/tenken_official/status/1507957336601600003\">「転生したら剣でした」公式Twitter</a>",
    "isbn": "4896375742",
    "oldData": {
      "sales": "2022/03/27  シリーズ累計200万部突破\n2021/09/22  シリーズ累計180万部突破\n2021/03/17  シリーズ累計140万部突破\n2020/09/17  シリーズ累計130万部突破（紙+電子）\n2020/03/24  シリーズ累計(紙+電子)110万部突破\n2019/09/19  シリーズ累計(紙+電子)100万部突破\n2019/03/**  シリーズ累計50万部突破\n2018/09/**  シリーズ累計40万部突破\n2018/05/**  シリーズ累計30万部突破",
      "reprint": null
    }
  },
  {
    "title": "骸骨騎士様、只今異世界へお出掛け中",
    "salesValue": 2000000,
    "recordDate": "2022-03-23",
    "salesDesc": "シリーズ累計200万部(紙+電子)突破",
    "sourceDesc": "原作9巻帯",
    "isbn": "4865540547",
    "oldData": {
      "sales": "2022/03/23  シリーズ累計200万部（紙+電子)突煤j\n2021/09/18  シリーズ累計(紙+電子)170万部突破\n2021/04/17  シリーズ累計(紙+電子)150万部突破\n2020/08/21  シリーズ累計(紙+電子)130万部突破\n2020/02/20  シリーズ累計(紙+電子)110万部突破\n2019/09/17  シリーズ累計(紙+電子)90万部突破\n2019/03/**  シリーズ累計75万部突破\n2018/08/**  シリーズ累計40万部突破\n2018/02/**  シリーズ累計30万部突破",
      "reprint": null
    }
  },
  {
    "title": "京都寺町三条のホームズ",
    "salesValue": 2000000,
    "recordDate": "2022-03-04",
    "salesDesc": "シリーズ200万部突破",
    "sourceDesc": "<a href=\"https://ameblo.jp/maimotiduki/entry-12730077899.html\">作者ブログ</a>",
    "isbn": "4575517755",
    "oldData": {
      "sales": "2022/03/04  シリーズ200万部突破\n2021/07/30  シリーズ170万部突破\n2021/03/10  シリーズ160万部突破\n2020/07/30  シリーズ155万部突破\n2020/01/08  シリーズ150万部突破\n2019/06/19  シリーズ120万部突破\n2019/01/**  シリーズ累計110万部突破\n2018/08/**  シリーズ累計100万部突破\n2018/07/**  累計98万部\n2018/07/**  シリーズ累計90万部突破",
      "reprint": null
    }
  },
  {
    "title": "ここは俺に任せて先に行けと言ってから10年がたったら伝説になっていた。",
    "salesValue": 2000000,
    "recordDate": "2022-03-03",
    "salesDesc": "シリーズ累計200万部突破",
    "sourceDesc": "<a href=\"https://twitter.com/abenochaco/status/1499299454276763650\">コミカライズ6巻帯</a>",
    "isbn": "4815601267",
    "oldData": {
      "sales": "2022/03/03  シリーズ累計200万部突破\n2021/12/10  原作小説＆漫画合わせてシリーズ累計190万部突破\n2021/11/02  シリーズ累計170万部突破\n2021/06/07  シリーズ累計140万部突破\n2020/12/27  シリーズ累計130万部突破\n2020/12/04  シリーズ累計110万部突破\n2020/10/19  シリーズ100万部突破\n2020/07/24  シリーズ累計90万部突破\n2020/07/06  シリーズ累計70万部突破\n2020/05/10  シリーズ累計50万部突破\n2020/03/13  コミックス累計40万部突破\n2019/12/23  コミックス累計28万部\n2019/12/06  コミックス累計18万部突破\n2019/10/24  コミックス累計11万部突破（紙+電子）",
      "reprint": null
    }
  },
  {
    "title": "聖者無双　～サラリーマン、異世界で生き残るために歩む道～",
    "salesValue": 2000000,
    "recordDate": "2022-02-09",
    "salesDesc": "シリーズ累計200万部突破(電子含む)",
    "sourceDesc": "コミカライズ9巻帯",
    "isbn": "4896375793",
    "oldData": {
      "sales": "2022/02/09  シリーズ累計200万部突破（電子含む）\n2022/01/26  シリーズ累計192万部\n2021/07/15  シリーズ累計167万部突破\n2021/02/09  シリーズ累計140万部突破（電子含む）\n2021/01/21  シリーズ累計133万部\n2020/08/03  シリーズ累計100万部突破（電子含む）\n2020/03/02  シリーズ累計72万部\n2020/02/08  シリーズ累計70万部突破（電子含む）\n2020/01/06  シリーズ累計61万部\n2019/11/03  シリーズ累計59万部\n2019/08/23  シリーズ累計44万部",
      "reprint": null
    }
  },
  {
    "title": "liar　～ズルイ身体～",
    "salesValue": 2000000,
    "recordDate": "2022-01-13",
    "salesDesc": "コミック版累計200万部突破(紙・電子合計)",
    "sourceDesc": "<a href=\"https://www.cinemacafe.net/article/2022/01/13/76743.html\">シネマカフェ記事</a>",
    "isbn": "480021372X",
    "oldData": {
      "sales": "2022/01/13  コミック版累計200万部突破（紙・電子合計）\n2020/11/09  紙+電子累計180万部突破",
      "reprint": null
    }
  },
  {
    "title": "現実主義勇者の王国再建記",
    "salesValue": 2000000,
    "recordDate": "2021-12-24",
    "salesDesc": "シリーズ累計(紙+電子)200万部突破",
    "sourceDesc": "<a href=\"https://twitter.com/genkoku_info/status/1474213742070009858\">「現実主義勇者の王国再建記」作品公式Twitter</a>",
    "isbn": "486554111X",
    "oldData": {
      "sales": "2021/12/24  シリーズ累計(紙+電子)200万部突破\n2021/08/27  シリーズ累計(紙+電子)150万部突破\n2020/09/19  シリーズ累計(紙+電子)100万部突破\n2020/04/22  シリーズ累計(紙+電子)80万部突破",
      "reprint": null
    }
  },
  {
    "title": "二度目の人生を異世界で",
    "salesValue": 2000000,
    "recordDate": "2021-11-16",
    "salesDesc": "コミックス累計200万部突破",
    "sourceDesc": "<a href=\"https://www.kadokawa.co.jp/product/322106000156/\">コミカライズ10巻あらすじ・内容</a>",
    "isbn": "4798609226",
    "oldData": {
      "sales": "2021/11/16  コミックス累計200万部突破\n2020/10/14  コミックス累計150万部突破\n2020/04/22  コミックス累計120万部突破\n2019/08/23  コミックス累計100万部突破\n2018/06/**  シリーズ累計100万部突破\n2018/02/**  シリーズ累計70万部突破",
      "reprint": null
    }
  },
  {
    "title": "Only Sense Online ―オンリーセンス・オンライン―",
    "salesValue": 2000000,
    "recordDate": "2021-06-02",
    "salesDesc": "シリーズ累計200万部突破※紙本と電子書籍の合算数字となります。2021年5月現在。",
    "sourceDesc": "<a href=\"https://twitter.com/fj_dragonage/status/1400059622027714560\">コミックス13巻帯</a>",
    "isbn": "4040700899",
    "oldData": {
      "sales": "2021/06/02  シリーズ累計200万部突破（※紙本と電子書籍の合算数字となります。2021年5月現在。）\n2019/04/20  シリーズ累計100万部突破\n2016/12/**  シリーズ累計60万部突破",
      "reprint": null
    }
  },
  {
    "title": "虫かぶり姫",
    "salesValue": 2000000,
    "recordDate": "2021-05-31",
    "salesDesc": "(電子含む)シリーズ累計200万部突破",
    "sourceDesc": "コミカライズ5巻帯",
    "isbn": "4758048487",
    "oldData": {
      "sales": "2021/05/31  (電子含む)シリーズ累計200万部突破\n2020/09/24  シリーズ累計120万部突破\n2020/04/28  シリーズ50万部突破（ノベル・コミック・電子含む）\n2020/02/27  累計40万部突破（※ノベル・コミック・電子版含む）",
      "reprint": null
    }
  },
  {
    "title": "神様の御用人",
    "salesValue": 2000000,
    "recordDate": "2021-03-25",
    "salesDesc": "シリーズ累計200万部突破",
    "sourceDesc": "<a href=\"https://twitter.com/Natsu_Asaba/status/1375008941801828352\">作者Twitter</a>",
    "isbn": "4048662708",
    "oldData": {
      "sales": "2021/03/25  シリーズ累計200万部突破\n2020/10/30  累計160万部突破\n2018/11/24  シリーズ累計150万部\n2017/10/02  シリーズ累計135万部",
      "reprint": null
    }
  },
  {
    "title": "俺の彼女と幼なじみが修羅場すぎる",
    "salesValue": 2000000,
    "recordDate": "2021-03-12",
    "salesDesc": "シリーズ累計200万部突破",
    "sourceDesc": "原作16巻帯",
    "isbn": "4797363967",
    "oldData": {
      "sales": "2021/03/12  シリーズ累計200万部突破\n2016/06/**  シリーズ累計180万部突破",
      "reprint": null
    }
  },
  {
    "title": "スライム倒して300年、知らないうちにレベルMAXになってました",
    "salesValue": 2000000,
    "recordDate": "2021-01-31",
    "salesDesc": "シリーズ累計200万部突破",
    "sourceDesc": "<a href=\"https://twitter.com/slime300_PR/status/1355821653406609410\">TVアニメPV第2弾</a>",
    "isbn": "4797390441",
    "oldData": {
      "sales": "2021/01/31  シリーズ累計200万部突破\n2020/04/08  シリーズ累計150万部突破\n2019/02/**  シリーズ累計100万部突破\n2018/07/**  シリーズ累計50万部突破",
      "reprint": "**刷  2020/10/23決定\n16刷  2020/07/01決定 ／ 2020/07/03出来"
    }
  },
  {
    "title": "青春ブタ野郎シリーズ",
    "salesValue": 2000000,
    "recordDate": "2020-12-09",
    "salesDesc": "シリーズ累計200万部突破",
    "sourceDesc": "<a href=\"https://twitter.com/aobuta_anime/status/1336601710815395844\">原作「青春ブタ野郎はナイチンゲールの夢を見ない」帯</a>",
    "isbn": "4048664875",
    "oldData": {
      "sales": "2020/12/09  シリーズ累計200万部突破\n2019/05/15  累計発行部数150万部突破\n2018/11/**  シリーズ累計100万部突破\n2018/10/**  シリーズ累計80万部突破",
      "reprint": null
    }
  },
  {
    "title": "ハイキュー!! ショーセツバン!!",
    "salesValue": 2000000,
    "recordDate": "2020-11-27",
    "salesDesc": "小説累計200万部突破",
    "sourceDesc": "ノベライズ13巻重版帯",
    "isbn": "4087032914",
    "oldData": {
      "sales": "2020/11/27  小説累計200万部突破\n2020/10/30  小説版累計190万部突破\n2020/07/30  小説版累計170万部突破\n2019/09/04  小説版累計160万部突破",
      "reprint": null
    }
  },
  {
    "title": "星界の紋章",
    "salesValue": 2000000,
    "recordDate": "2018-12-10",
    "salesDesc": "シリーズ累計200万部突破",
    "sourceDesc": "コミカライズ6巻帯",
    "isbn": "4150305471",
    "oldData": {
      "sales": "2018/12/10  シリーズ累計200万部突破",
      "reprint": null
    }
  },
  {
    "title": "精霊使いの剣舞",
    "salesValue": 2000000,
    "recordDate": "2018-10",
    "salesDesc": "シリーズ累計200万部突破",
    "sourceDesc": "ドラマCD 精霊使いの剣舞 エレメンタルドリーマー 特設サイト",
    "isbn": "4840136750",
    "oldData": {
      "sales": "2018/10/**  シリーズ累計200万部突破\n2017/10/**  シリーズ累計180万部突破",
      "reprint": null
    }
  },
  {
    "title": "パパのいうことを聞きなさい！",
    "salesValue": 2000000,
    "recordDate": "2012-05-25",
    "salesDesc": "シリーズ累計200万部突破",
    "sourceDesc": "原作10巻帯",
    "isbn": "4086305267",
    "oldData": {
      "sales": "2012/05/25  シリーズ累計200万部突破",
      "reprint": null
    }
  },
  {
    "title": "迷い猫オーバーラン！",
    "salesValue": 2000000,
    "recordDate": "2012-02-24",
    "salesDesc": "累計200万部突破",
    "sourceDesc": "毎日新聞デジタル「迷い猫オーバーラン！：12巻で完結　累計200万部突破の人気ラノベシリーズ」記事",
    "isbn": "4086304503",
    "oldData": {
      "sales": null,
      "reprint": null
    }
  },
  {
    "title": "かくりよの宿飯",
    "salesValue": 2000000,
    "recordDate": "2022-03-04",
    "salesDesc": "シリーズ累計200万部※部数は紙・電子・コミックスの合算値です。(22年3月時点)",
    "sourceDesc": "<a href=\"https://twitter.com/fujimi_L_bunko/status/1499704959750881285\">原作12巻帯</a>",
    "isbn": "4040705750",
    "oldData": {
      "sales": "2022/03/04  シリーズ累計200万部（※部数は紙・電子・コミックスの合算値です。(22年3月時点)）\n2021/01/22  シリーズ累計180万部突破（※2020年12月現在。紙本と電子の合算数字です。）\n2019/08/02  シリーズ累計150万部突破\n2018/10/**  シリーズ100万部突破\n2018/09/**  シリーズ80万部突破",
      "reprint": "31刷  2020/11/16決定\n30刷  2020/10/08決定"
    }
  },
  {
    "title": "乃木坂春香の秘密",
    "salesValue": 2000000,
    "recordDate": "2015-12-10",
    "salesDesc": "200万部",
    "sourceDesc": "株式会社KADOKAWAニュースリリース「新感覚バーチャル学園プロジェクト「電撃」が架空のネット高校設立！その名も（たまたま）Ｎ高校」",
    "isbn": "4840228302",
    "oldData": {
      "sales": null,
      "reprint": null
    }
  },
  {
    "title": "THE NEW GATE",
    "salesValue": 1930000,
    "recordDate": "2022-02-17",
    "salesDesc": "累計193万部(電子含む)",
    "sourceDesc": "<a href=\"https://www.amazon.co.jp/dp/4434299905\">原作20巻帯</a>",
    "isbn": "4434187279",
    "oldData": {
      "sales": null,
      "reprint": null
    }
  },
  {
    "title": "宝くじで40億当たったんだけど異世界に移住する",
    "salesValue": 1900000,
    "recordDate": "2022-04-20",
    "salesDesc": "シリーズ累計190万部突破",
    "sourceDesc": "<a href=\"https://twitter.com/monster_futaba/status/1516612870707970053\">コミカライズ15巻帯</a>",
    "isbn": "4575750018",
    "oldData": {
      "sales": "2022/04/20  シリーズ累計190万部突破\n2021/05/14  シリーズ累計160万部突破（紙＆電子）\n2020/02/28  シリーズ累計100万部突破（※電子含む）\n2019/03/**  シリーズ累計50万部突破\n2018/09/**  シリーズ累計45万部突破\n2018/04/**  シリーズ累計35万部突破",
      "reprint": null
    }
  },
  {
    "title": "真の仲間じゃないと勇者のパーティーを追い出されたので、辺境でスローライフすることにしました",
    "salesValue": 1900000,
    "recordDate": "2021-12-24",
    "salesDesc": "シリーズ累計190万部突破(※電子版含む)",
    "sourceDesc": "コミカライズ8巻帯",
    "isbn": "4041068584",
    "oldData": {
      "sales": "2021/12/24  シリーズ累計190万部突破（※電子版含む）\n2021/09/17  シリーズ累計160万部突破（※電子版含む）\n2021/06/21  シリーズ累計120万部突破（※電子版含む）\n2020/11/17  シリーズ累計100万部突破（※紙本と電子書籍の合算数字となります。2020年9月現在）\n2020/01/17  シリーズ累計50万部突破（※紙本と電子書籍の合計数字となります。2019年11月現在。）\n2019/04/05  シリーズ累計20万部突破",
      "reprint": "*9刷  2020/12/01決定"
    }
  },
  {
    "title": "レジェンド",
    "salesValue": 1800000,
    "recordDate": "2022-03-31",
    "salesDesc": "シリーズ累計180万部突破※2022年2月現在　紙本と電子書籍の合算部数です。",
    "sourceDesc": "<a href=\"https://twitter.com/kadokawabooks/status/1509334664250486790\">カドカワBOOKS編集部Twitter</a>",
    "isbn": "4040703200",
    "oldData": {
      "sales": "2022/03/31  シリーズ累計180万部突破（※2022年2月現在　紙本と電子書籍の合算部数です。）\n2017/12/26  シリーズ累計50万部突破",
      "reprint": null
    }
  },
  {
    "title": "治癒魔法の間違った使い方　～戦場を駆ける回復要員～",
    "salesValue": 1800000,
    "recordDate": "2022-03-25",
    "salesDesc": "コミックス累計180万部突破※紙本+電子書籍の合算。2022年3月現在。",
    "sourceDesc": "<a href=\"https://twitter.com/koxHhDrnIZIMYJZ/status/1507310115137142784\">コミカライズ10巻帯</a>",
    "isbn": "4040681851",
    "oldData": {
      "sales": "2022/03/25  コミックス累計180万部突破（※紙本+電子書籍の合算。2022年3月現在。）\n2021/11/25  コミックス累計165万部突破（※紙書籍+電子書籍／2021年11月現在）\n2020/10/21  コミックス累計125万部突破（※紙+電子の合算。20年10月現在）\n2020/06/26  コミックス累計100万部突破（※紙本+電子書籍合算）\n2020/03/23  コミックス累計90万部突破（※紙本+電子書籍合算、2020年3月現在。）\n2020/02/26  コミックス累計80万部突破（※紙本と電子書籍の合算、2020年2月現在。）\n2019/12/26  累計75万部突破（※紙本と電子書籍の合算、2019年12月現在。）\n2019/08/24  コミックス累計70万部突破\n2019/03/26  コミックス累計50万部突破\n2019/02/**  コミックス累計45万部突破",
      "reprint": null
    }
  },
  {
    "title": "ニンジャスレイヤー",
    "salesValue": 1800000,
    "recordDate": "2022-01-20",
    "salesDesc": "シリーズ累計180万部突破",
    "sourceDesc": "<a href=\"https://www.amazon.co.jp/dp/4253239242\">コミカライズ「キョート・ヘル・オン・アース」9巻帯</a>",
    "isbn": "4047283312",
    "oldData": {
      "sales": "2022/01/20  シリーズ累計180万部突破\n2021/08/19  シリーズ累計170万部突破\n2020/10/20  シリーズ累計165万部突破\n2016/11/**  シリーズ累計150万部突破",
      "reprint": null
    }
  },
  {
    "title": "転生貴族の異世界冒険録　～自重を知らない神々の使徒～",
    "salesValue": 1800000,
    "recordDate": "2021-12-14",
    "salesDesc": "シリーズ累計180万部突破",
    "sourceDesc": "コミカライズ7巻帯",
    "isbn": "4891994347",
    "oldData": {
      "sales": "2021/12/14  シリーズ累計180万部突破\n2020/11/05  シリーズ累計100万部突破\n2020/05/07  シリーズ累計60万部突破\n2019/11/19  累計40万部突破\n2019/06/19  シリーズ累計25万部突破\n2019/04/25  シリーズ累計20万部突破\n2019/02/**  15万部突破\n2018/11/**  シリーズ累計10万部突破",
      "reprint": "**刷  2020/03/13決定"
    }
  },
  {
    "title": "才川夫妻の恋愛事情",
    "salesValue": 1800000,
    "recordDate": "2021-05-01",
    "salesDesc": "累計180万部突破(※紙・電子合計)",
    "sourceDesc": "<a href=\"https://twitter.com/kanatsukarasuma/status/1388473780251500544\">コミカライズ2巻重版帯</a>",
    "isbn": "4801912796",
    "oldData": {
      "sales": "2021/05/01  累計180万部突破（※紙・電子合計）\n2021/03/06  累計160万部突破（※紙・電子合計）\n2020/07/25  累計120万部突破（※紙・電子合計）\n2019/11/09  累計70万部突破（※紙・電子合計）",
      "reprint": null
    }
  },
  {
    "title": "魔王学院の不適合者　～史上最強の魔王の始祖、転生して子孫たちの学校へ通う～",
    "salesValue": 1800000,
    "recordDate": "2021-03-05",
    "salesDesc": "シリーズ累計180万部突破",
    "sourceDesc": "コミカライズ4巻帯",
    "isbn": "4048936816",
    "oldData": {
      "sales": "2021/03/05  シリーズ累計180万部突破\n2020/10/10  シリーズ累計160万部突破\n2020/07/10  シリーズ累計135万部突破\n2020/01/10  シリーズ累計100万部突破\n2019/10/06  シリーズ累計85万部突破\n2019/09/16  シリーズ累計65万部突破\n2019/05/10  シリーズ累計50万部突破\n2019/03/**  シリーズ累計35万部突破\n2018/11/**  累計12万部突破",
      "reprint": "**刷  2020/10/09決定\n**刷  2020/07/25決定"
    }
  },
  {
    "title": "ロード・エルメロイII世の事件簿",
    "salesValue": 1800000,
    "recordDate": "2020-12-24",
    "salesDesc": "シリーズ累計180万部突破",
    "sourceDesc": "角川文庫版10巻帯",
    "isbn": "4041080746",
    "oldData": {
      "sales": "2020/12/24  シリーズ累計180万部突破\n2019/12/24  シリーズ累計140万部突破\n2019/10/24  シリーズ累計130万部突破\n2019/08/23  シリーズ累計120万部突破",
      "reprint": null
    }
  },
  {
    "title": "異世界迷宮でハーレムを",
    "salesValue": 1800000,
    "recordDate": "2020-03-13",
    "salesDesc": "シリーズ累計180万部突破",
    "sourceDesc": "ヒーロー文庫編集部Twitter",
    "isbn": "4072859427",
    "oldData": {
      "sales": "2020/03/13  シリーズ累計180万部突破\n2019/04/24  シリーズ累計120万部突破\n2018/12/**  シリーズ累計95万部突破",
      "reprint": null
    }
  },
  {
    "title": "星刻の竜騎士",
    "salesValue": 1800000,
    "recordDate": "2017-08",
    "salesDesc": "シリーズ累計180万部突破",
    "sourceDesc": "KADOKAWAプレリリース",
    "isbn": "4840134200",
    "oldData": {
      "sales": "2017/08/**  シリーズ累計180万部突破",
      "reprint": null
    }
  },
  {
    "title": "さくら荘のペットな彼女",
    "salesValue": 1800000,
    "recordDate": "2014-01-06",
    "salesDesc": "シリーズ累計180万部",
    "sourceDesc": "KADOKAWAニュースリリース",
    "isbn": "4048682806",
    "oldData": {
      "sales": "2014/01/06  シリーズ累計180万部",
      "reprint": null
    }
  },
  {
    "title": "異世界でカフェを開店しました。",
    "salesValue": 1700000,
    "recordDate": "2022-02-24",
    "salesDesc": "シリーズ累計170万部突破(電子含む)",
    "sourceDesc": "<a href=\"https://www.amazon.co.jp/dp/4434300032\">コミカライズ11巻帯</a>",
    "isbn": "4434173723",
    "oldData": {
      "sales": null,
      "reprint": null
    }
  },
  {
    "title": "天久鷹央シリーズ",
    "salesValue": 1700000,
    "recordDate": "2021-08-11",
    "salesDesc": "累計170万部突破",
    "sourceDesc": "<a href=\"https://twitter.com/shinchobunkonex/status/1425296835359350788\">原作「久遠の檻」帯</a>",
    "isbn": "4101800103",
    "oldData": {
      "sales": "2021/08/11  累計170万部突破\n2021/05/14  累計160万部突破\n2021/04/05  シリーズ累計150万部突破\n2020/08/08  累計140万部突破\n2020/01/20  シリーズ累計130万部突破\n2019/08/23  累計120万部突破\n2018/08/**  100万部突破",
      "reprint": "**刷  2020/10/06決定\n**刷  2020/05/22決定"
    }
  },
  {
    "title": "響け！ユーフォニアム",
    "salesValue": 1700000,
    "recordDate": "2021-04-16",
    "salesDesc": "シリーズ累計170万部突破",
    "sourceDesc": "<a href=\"https://twitter.com/eupho_tkj/status/1382989109044531204\">原作重版帯</a>",
    "isbn": "4800217474",
    "oldData": {
      "sales": "2021/04/16  シリーズ累計170万部突破\n2020/07/31  シリーズ累計162万部突破\n2019/06/24  累計159万部突破\n2019/04/09  シリーズ累計150万部突破\n2019/04/07  シリーズ累計145万部突破\n2019/03/**  シリーズ累計144万部突破\n2018/04/**  シリーズ累計140万部突破",
      "reprint": "**刷  ****/**/**決定 ／ 2020/07/31出来\n**刷  2020/06決定"
    }
  },
  {
    "title": "86―エイティシックス―",
    "salesValue": 1600000,
    "recordDate": "2022-03-01",
    "salesDesc": "シリーズ累計発行部数160万部突破",
    "sourceDesc": "<a href=\"https://prtimes.jp/main/html/rd/p/000000298.000005279.html\">株式会社TORICOプレリリース</a>",
    "isbn": "4048926667",
    "oldData": {
      "sales": "2022/03/01  シリーズ累計発行部数160万部突破\n2021/06/01  原作シリーズ累計130万部突破\n2021/03/06  シリーズ累計100万部突破\n2020/12/06  シリーズ累計86万部突破\n2019/09/10  シリーズ累計75万部突破\n2018/11/07  シリーズ累計50万部突破\n2018/05/**  シリーズ累計40万部突破\n2018/02/**  シリーズ累計30万部突破",
      "reprint": "**刷  2020/04/17決定"
    }
  },
  {
    "title": "痛いのは嫌なので防御力に極振りしたいと思います。",
    "salesValue": 1600000,
    "recordDate": "2021-08-05",
    "salesDesc": "シリーズ累計160万部突破※紙本と電子書籍の合算数字となります。2021年8月現在。",
    "sourceDesc": "原作12巻帯",
    "isbn": "4040724410",
    "oldData": {
      "sales": "2021/08/05  シリーズ累計160万部突破（※紙本と電子書籍の合算数字となります。2021年8月現在。）\n2020/07/30  シリーズ累計120万部突破（※紙本と電子書籍の合算数字となります。2020年6月現在。）\n2019/12/30  シリーズ累計70万部突破（※紙本と電子書籍の合計数字となります。2019年12月現在。）\n2019/08/07  シリーズ累計40万部突破\n2018/12/06  シリーズ累計25万部突破",
      "reprint": null
    }
  },
  {
    "title": "エロマンガ先生",
    "salesValue": 1600000,
    "recordDate": "2020-06-16",
    "salesDesc": "累計160万部突破(※2020年6月現在・紙本と電子書籍の合算)",
    "sourceDesc": "俺妹＆エロマンガ先生Twitter",
    "isbn": "4048660810",
    "oldData": {
      "sales": "2020/06/16  累計160万部突破（※2020年6月現在・紙本と電子書籍の合算）\n2017/06/**  累計120万部突破\n2017/03/12  シリーズ累計77万部",
      "reprint": null
    }
  },
  {
    "title": "機巧少女は傷つかない",
    "salesValue": 1600000,
    "recordDate": "2018-02",
    "salesDesc": "シリーズ累計160万部突破",
    "sourceDesc": "機巧少女は傷つかない Blu-ray BOXの商品詳細",
    "isbn": "484013085X",
    "oldData": {
      "sales": "2018/02/**  シリーズ累計160万部突破",
      "reprint": null
    }
  },
  {
    "title": "いぬかみっ！",
    "salesValue": 1600000,
    "recordDate": "2015-10-04",
    "salesDesc": "累計160万部突破",
    "sourceDesc": "電撃文庫総合目録2015",
    "isbn": "4840222649",
    "oldData": {
      "sales": null,
      "reprint": null
    }
  },
  {
    "title": "ログ・ホライズン",
    "salesValue": 1600000,
    "recordDate": "2015-09",
    "salesDesc": "シリーズ累計160万部突破",
    "sourceDesc": "原作10巻帯",
    "isbn": "4047271454",
    "oldData": {
      "sales": "2015/09/**  シリーズ累計160万部突破",
      "reprint": null
    }
  },
  {
    "title": "ぼくは明日、昨日のきみとデートする",
    "salesValue": 1600000,
    "recordDate": "2019-03",
    "salesDesc": "小説累計発行部数160万部",
    "sourceDesc": "オルタナティブシアター公式サイト",
    "isbn": "4800226104",
    "oldData": {
      "sales": "2019/03/**  小説累計発行部数160万部\n2017/10/**  累計150万部超",
      "reprint": null
    }
  },
  {
    "title": "C3 ―シーキューブ―",
    "salesValue": 1540000,
    "recordDate": "2015-10-04",
    "salesDesc": "累計154万部突破",
    "sourceDesc": "電撃文庫総合目録2015",
    "isbn": "4840239754",
    "oldData": {
      "sales": "2015/10/04  累計154万部突破",
      "reprint": null
    }
  },
  {
    "title": "六畳間の侵略者!?",
    "salesValue": 1500000,
    "recordDate": "2022-04-01",
    "salesDesc": "シリーズ累計発行部数150万部突破",
    "sourceDesc": "<a href=\"https://twitter.com/Takehaya_info/status/1509727870150619188\">原作40巻帯</a>",
    "isbn": "4894258331",
    "oldData": {
      "sales": "2022/04/01  シリーズ累計発行部数150万部突破",
      "reprint": null
    }
  },
  {
    "title": "ひとりぼっちの異世界攻略",
    "salesValue": 1500000,
    "recordDate": "2022-03-23",
    "salesDesc": "シリーズ累計150万部(紙+電子)突破",
    "sourceDesc": "コミカライズ11巻帯、原作9巻帯",
    "isbn": "4865543023",
    "oldData": {
      "sales": "2022/03/23  シリーズ累計150万部（紙+電子)突煤j\n2022/01/14  シリーズ累計140万部（紙+電子）\n2021/10/13  シリーズ累計130万部突破（紙+電子）\n2021/08/06  シリーズ累計120万部突破（紙+電子）\n2021/04/26  シリーズ累計100万部突破\n2021/01/21  シリーズ累計80万部突破（紙+電子）\n2020/10/20  シリーズ累計65万部突破（紙+電子）\n2020/07/10  シリーズ累計40万部突破（紙+電子）\n2019/11/25  シリーズ累計10万部突破（紙+電子）",
      "reprint": "**刷  2020/06/23決定\n**刷  2020/02/03決定"
    }
  },
  {
    "title": "ソードアート・オンライン オルタナティブ　ガンゲイル・オンライン",
    "salesValue": 1500000,
    "recordDate": "2022-02-10",
    "salesDesc": "シリーズ累計150万部突破",
    "sourceDesc": "原作12巻帯",
    "isbn": "4048690949",
    "oldData": {
      "sales": "2022/02/10  シリーズ累計150万部突破\n2020/04/10  累計130万部突破\n2018/12/**  シリーズ累計120万部突破\n2018/04/**  シリーズ累計100万部突破",
      "reprint": null
    }
  },
  {
    "title": "賢者の弟子を名乗る賢者",
    "salesValue": 1500000,
    "recordDate": "2021-12-28",
    "salesDesc": "シリーズ累計150万部突破",
    "sourceDesc": "株式会社マイクロマガジン社プレリリース「<a href=\"https://prtimes.jp/main/html/rd/p/000000832.000048095.html\">2022年1月11日TVアニメ『賢者の弟子を名乗る賢者』放送開始！『転生したらスライムだった件』とのコラボビジュアル第2弾を公開</a>」",
    "isbn": "4896374657",
    "oldData": {
      "sales": "2021/12/28  シリーズ累計150万部突破\n2021/05/14  シリーズ累計135万部突破\n2020/10/22  シリーズ累計110万部突破\n2020/03/03  シリーズ累計105万部突破\n2019/06/27  シリーズ累計65万部突破\n2019/05/27  シリーズ累計55万部突破\n2019/05/07  シリーズ累計50万部突破\n2018/12/**  シリーズ累計47万部突破\n2018/11/**  シリーズ累計45万部\n2018/04/**  シリーズ累計40万部",
      "reprint": null
    }
  },
  {
    "title": "俺だけ入れる隠しダンジョン　～こっそり鍛えて世界最強～",
    "salesValue": 1500000,
    "recordDate": "2021-12-09",
    "salesDesc": "シリーズ累計150万部突破(原作小説・電子版含む)",
    "sourceDesc": "<a href=\"https://twitter.com/shonen_sirius/status/1468762407543754753\">コミカライズ8巻帯</a>",
    "isbn": "4063650383",
    "oldData": {
      "sales": "2021/12/09  シリーズ累計150万部突破（原作小説・電子版含む）\n2021/11/18  シリーズ累計148万部\n2021/11/02  累計140万部突破（原作小説・電子版含む）\n2021/04/20  シリーズ累計130万部突破\n2021/02/27  シリーズ累計100万部突破\n2021/02/09  シリーズ累計90万部突破（原作小説・電子版含む）\n2021/01/21  シリーズ累計82万部\n2020/11/30  シリーズ累計80万部突破\n2020/11/19  シリーズ累計74万部\n2020/05/09  シリーズ累計50万部突破（原作小説・電子版含む）\n2020/04/24  シリーズ累計47万部\n2020/03/02  シリーズ累計40万部\n2020/01/06  シリーズ累計32万部\n2019/12/04  シリーズ累計30万部突破（原作小説、電子版含む）\n2019/11/03  シリーズ累計27万部\n2019/08/23  シリーズ累計26万部\n2019/05/07  累計10万部突破（※電子版含む）",
      "reprint": null
    }
  },
  {
    "title": "駆除人",
    "salesValue": 1500000,
    "recordDate": "2021-11-25",
    "salesDesc": "コミックス累計150万部突破※紙本+電子合算／2021年11月現在",
    "sourceDesc": "コミカライズ4巻帯",
    "isbn": "4040684281",
    "oldData": {
      "sales": "2021/11/25  コミックス累計150万部突破（※紙本+電子合算／2021年11月現在）\n2019/04/24  コミックス累計50万部突破\n2019/01/**  シリーズ累計40万部",
      "reprint": null
    }
  },
  {
    "title": "勇者パーティーを追放されたビーストテイマー、最強種の猫耳少女と出会う",
    "salesValue": 1500000,
    "recordDate": "2021-10-07",
    "salesDesc": "シリーズ累計150万部突破",
    "sourceDesc": "コミカライズ6巻帯",
    "isbn": "4065155487",
    "oldData": {
      "sales": "2021/10/07  シリーズ累計150万部突破\n2021/04/07  シリーズ累計100万部突破\n2020/10/26  シリーズ累計70万部突破\n2020/10/07  累計60万部突破\n2020/04/11  シリーズ累計35万部突破\n2019/11/13  シリーズ累計15万部突破",
      "reprint": null
    }
  },
  {
    "title": "Lv2からチートだった元勇者候補のまったり異世界ライフ",
    "salesValue": 1500000,
    "recordDate": "2021-07-14",
    "salesDesc": "シリーズ累計150万部突破(紙+電子)",
    "sourceDesc": "<a href=\"https://comic-gardo.com/episode/10834108156661709946\">コミックガルド</a>",
    "isbn": "4865541802",
    "oldData": {
      "sales": "2021/07/14  シリーズ累計150万部突破（紙+電子）\n2020/12/27  シリーズ累計100万部突破（紙+電子）\n2020/07/18  シリーズ累計60万部突破（紙+電子）",
      "reprint": null
    }
  },
  {
    "title": "櫻子さんの足下には死体が埋まっている",
    "salesValue": 1500000,
    "recordDate": "2019-12-24",
    "salesDesc": "シリーズ累計150万部突破",
    "sourceDesc": "原作わたしを殺したお人形帯",
    "isbn": "4041006953",
    "oldData": {
      "sales": "2019/12/24  シリーズ累計150万部突破\n2018/09/**  シリーズ累計140万部突破\n2018/07/**  シリーズ累計130万部突破",
      "reprint": null
    }
  },
  {
    "title": "金色の文字使い　―勇者四人に巻き込まれたユニークチート―",
    "salesValue": 1500000,
    "recordDate": "2019-12-01",
    "salesDesc": "シリーズ累計150万部突破(※紙本と電子書籍の合算2019年10月現在)",
    "sourceDesc": "コミカライズ11巻帯",
    "isbn": "4040701143",
    "oldData": {
      "sales": "2019/12/01  シリーズ累計150万部突破（※紙本と電子書籍の合算2019年10月現在）\n2019/07/02  シリーズ累計140万部突破（電子版含む）\n2018/06/**  シリーズ累計60万部突破",
      "reprint": null
    }
  },
  {
    "title": "アスラクライン",
    "salesValue": 1500000,
    "recordDate": "2015-10-04",
    "salesDesc": "累計150万部突破",
    "sourceDesc": "電撃文庫総合目録2015",
    "isbn": "4840230900",
    "oldData": {
      "sales": "2015/10/04  累計150万部突破",
      "reprint": null
    }
  },
  {
    "title": "身代わり伯爵シリーズ",
    "salesValue": 1500000,
    "recordDate": "2013-07-10",
    "salesDesc": "累計150万部突破",
    "sourceDesc": "YouTube『身代わり伯爵』プレミアムムービー",
    "isbn": "4044524017",
    "oldData": {
      "sales": null,
      "reprint": null
    }
  },
  {
    "title": "Missing",
    "salesValue": 1500000,
    "recordDate": "2020-04-24",
    "salesDesc": "累計150万部",
    "sourceDesc": "メディアワークス文庫Twitter",
    "isbn": "4840218668",
    "oldData": {
      "sales": null,
      "reprint": null
    }
  },
  {
    "title": "電波女と青春男",
    "salesValue": 1500000,
    "recordDate": "2015-12",
    "salesDesc": "累計150万部",
    "sourceDesc": "著：三木一馬「面白ければなんでもあり」の著者紹介",
    "isbn": "4048674684",
    "oldData": {
      "sales": null,
      "reprint": null
    }
  },
  {
    "title": "オオカミさんとシリーズ",
    "salesValue": 1450000,
    "recordDate": "2015-10-04",
    "salesDesc": "累計145万部突破",
    "sourceDesc": "電撃文庫総合目録2015",
    "isbn": "4840235244",
    "oldData": {
      "sales": null,
      "reprint": null
    }
  },
  {
    "title": "異世界支配のスキルテイカー",
    "salesValue": 1410000,
    "recordDate": "2022-03-26",
    "salesDesc": "累計141万部突破",
    "sourceDesc": "月刊少年シリウス2022年5月号掲載水曜日のシリウス広告",
    "isbn": "406381467X",
    "oldData": {
      "sales": "2022/03/26  累計141万部突破\n2021/09/26  シリーズ累計135万部\n2021/05/26  シリーズ累計130万部\n2021/01/21  シリーズ累計122万部\n2020/09/01  シリーズ累計120万部突破（電子含む）\n2020/08/20  シリーズ累計112万部突破\n2020/05/22  シリーズ累計100万部突破\n2020/03/02  シリーズ累計97万部\n2020/01/06  シリーズ累計92万部\n2019/12/04  90万部突破（原作・電子版を含む）\n2019/11/03  シリーズ累計84万部\n2019/08/23  シリーズ累計82万部\n2019/05/14  シリーズ累計75万部（電子含む）\n2018/08/**  シリーズ累計50万部突破",
      "reprint": null
    }
  },
  {
    "title": "望まぬ不死の冒険者",
    "salesValue": 1400000,
    "recordDate": "2022-04-21",
    "salesDesc": "シリーズ累計(紙+電子)140万部突破",
    "sourceDesc": "コミカライズ9巻帯",
    "isbn": "486554240X",
    "oldData": {
      "sales": "2022/04/21  シリーズ累計(紙+電子)140万部突破\n2021/06/23  シリーズ累計(紙+電子)100万部突破\n2020/11/18  シリーズ累計(紙+電子)85万部突破\n2020/05/20  シリーズ累計(紙+電子)65万部突破\n2019/11/21  シリーズ累計(紙+電子)45万部突破",
      "reprint": null
    }
  },
  {
    "title": "異世界でもふもふなでなでするためにがんばってます。",
    "salesValue": 1400000,
    "recordDate": "2022-04-20",
    "salesDesc": "シリーズ累計140万部突破",
    "sourceDesc": "<a href=\"https://twitter.com/monster_futaba/status/1516612870707970053\">コミカライズ9巻帯</a>",
    "isbn": "4575239739",
    "oldData": {
      "sales": "2022/04/20  シリーズ累計140万部突破\n2021/10/20  シリーズ累計130万部突破\n2021/04/18  シリーズ累計120万部突破\n2020/10/24  シリーズ累計80万部\n2020/04/30  シリーズ累計70万部",
      "reprint": null
    }
  },
  {
    "title": "ダイナー",
    "salesValue": 1400000,
    "recordDate": "2022-04-18",
    "salesDesc": "累計140万部突破(電子版含む)",
    "sourceDesc": "<a href=\"https://www.s-manga.net/items/contents.html?isbn=978-4-08-892272-0\">コミカライズ16巻帯</a>",
    "isbn": "4591131173",
    "oldData": {
      "sales": "2022/04/18  累計140万部突破（電子版含む）\n2021/11/19  累計120万部突破（電子版含む）\n2021/03/18  累計110万部突破",
      "reprint": null
    }
  },
  {
    "title": "よくわからないけれど異世界に転生していたようです",
    "salesValue": 1400000,
    "recordDate": "2022-04-07",
    "salesDesc": "シリーズ累計140万部突破(電子版含む)",
    "sourceDesc": "コミカライズ11巻帯",
    "isbn": "4065147611",
    "oldData": {
      "sales": "2022/04/07  シリーズ累計140万部突破（電子版含む）\n2022/03/26  累計130万部突破\n2022/02/09  シリーズ累計120万部突破（電子版含む）\n2022/01/26  シリーズ累計112万部\n2021/12/03  累計100万部突破\n2021/11/18  シリーズ累計96万部\n2021/10/07  シリーズ累計90万部突破（電子版含む）\n2021/09/26  シリーズ累計81万部\n2021/08/06  シリーズ累計75万部突破（電子版含む）\n2021/07/24  シリーズ累計64万部\n2021/04/28  シリーズ累計60万部突破（電子版含む）\n2021/04/26  シリーズ累計54万部\n2021/02/26  シリーズ累計50万部突破（電子版含む）\n2020/12/23  シリーズ累計35万部突破\n2020/12/17  シリーズ累計31万部\n2020/10/16  シリーズ累計25万部突破（電子版含む）\n2020/08/28  シリーズ累計16万部突破\n2020/08/03  シリーズ累計15万部突破",
      "reprint": "*5刷  2020/06/22決定"
    }
  },
  {
    "title": "魔王の俺が奴隷エルフを嫁にしたんだが、どう愛でればいい？",
    "salesValue": 1400000,
    "recordDate": "2022-03-30",
    "salesDesc": "シリーズ累計発行部数140万部突破※電子書籍を含む",
    "sourceDesc": "<a href=\"https://twitter.com/itagaki_hako/status/1509000073262542855\">コミカライズ8巻帯</a>",
    "isbn": "4798613819",
    "oldData": {
      "sales": "2022/03/30  シリーズ累計発行部数140万部突破（※電子書籍を含む）\n2021/08/23  シリーズ累計120万部突破\n2021/02/25  シリーズ累計発行部数100万部突破（※電子書籍を含む）\n2020/02/26  シリーズ累計65万部突破",
      "reprint": null
    }
  },
  {
    "title": "とあるおっさんのVRMMO活動記",
    "salesValue": 1400000,
    "recordDate": "2022-02-17",
    "salesDesc": "シリーズ累計140万部突破(電子含む)",
    "sourceDesc": "<a href=\"https://www.amazon.co.jp/dp/4434299921\">原作25巻帯</a>",
    "isbn": "4434188399",
    "oldData": {
      "sales": "2022/02/17  シリーズ累計140万部突破（電子含む）\n2021/12/16  シリーズ累計138万部突破（電子含む）\n2021/10/20  累計135万部突破（電子含む）\n2021/03/23  累計127万部突破（電子含む）\n2020/11/17  累計120万部突破（電子含む）\n2020/07/22  シリーズ累計114万部突破（電子含む）\n2020/06/03  累計110万部突破（電子含む）\n2020/01/09  シリーズ累計100万部突破（電子含む）\n2019/11/19  累計86万部突破\n2019/08/23  累計84万部突破\n2019/07/24  シリーズ累計82万部突破\n2019/03/**  累計78万部突破\n2018/11/**  累計76万部突破\n2018/09/**  シリーズ累計74万部\n2018/08/**  累計70万部突破\n2018/03/**  累計67万部突破",
      "reprint": null
    }
  },
  {
    "title": "黒の召喚士",
    "salesValue": 1400000,
    "recordDate": "2022-02-17",
    "salesDesc": "シリーズ累計140万部突破",
    "sourceDesc": "<a href=\"https://twitter.com/kuronoshokanshi/status/1494144580123385860\">黒の召喚士【公式】Twitter</a>",
    "isbn": "4865541179",
    "oldData": {
      "sales": "2022/02/17  シリーズ累計140万部突破\n2021/10/13  シリーズ累計(紙+電子)120万部突破\n2021/07/10  シリーズ累計(紙+電子)110万部突破\n2021/03/01  シリーズ累計(紙+電子)100万部突破\n2020/12/15  シリーズ累計90万部突破（紙+電子）\n2020/10/22  シリーズ累計80万部突破（紙+電子）\n2020/03/20  シリーズ累計60万部突破（紙+電子）\n2019/11/21  シリーズ累計50万部突破（紙+電子）\n2019/08/20  シリーズ累計45万部突破（紙+電子）\n2019/04/22  シリーズ累計40万部突破（紙+電子）",
      "reprint": null
    }
  },
  {
    "title": "英雄教室",
    "salesValue": 1400000,
    "recordDate": "2021-09-23",
    "salesDesc": "シリーズ累計140万部突破",
    "sourceDesc": "原作12巻帯",
    "isbn": "4086310228",
    "oldData": {
      "sales": "2021/09/23  シリーズ累計140万部突破\n2020/06/05  シリーズ累計115万部突破\n2020/02/12  シリーズ累計110万部突破\n2019/09/05  シリーズ累計100万部突破\n2019/03/**  シリーズ累計85万部突破\n2018/11/**  シリーズ累計80万部突破\n2018/05/**  シリーズ累計65万部突破",
      "reprint": null
    }
  },
  {
    "title": "真夜中のパン屋さん",
    "salesValue": 1400000,
    "recordDate": "2021-09-15",
    "salesDesc": "累計140万部突破",
    "sourceDesc": "株式会社ポプラ社プレリリース「<a href=\"https://prtimes.jp/main/html/rd/p/000000344.000031579.html\">累計140万部突破の大人気シリーズ「まよパン」が児童文庫に！『真夜中のパン屋さん　午前０時のレシピ　上』発売！</a>」",
    "isbn": "4591124797",
    "oldData": {
      "sales": null,
      "reprint": null
    }
  },
  {
    "title": "紅霞後宮物語",
    "salesValue": 1400000,
    "recordDate": "2020-12-11",
    "salesDesc": "シリーズ累計140万部突破※紙本と電子書籍の合算数字となります。2020年12月現在。",
    "sourceDesc": "<a href=\"https://twitter.com/fujimi_L_bunko/status/1337355195995439105\">原作12巻帯</a>",
    "isbn": "4040706269",
    "oldData": {
      "sales": "2020/12/11  シリーズ累計140万部突破（※紙本と電子書籍の合算数字となります。2020年12月現在。）",
      "reprint": null
    }
  },
  {
    "title": "カンピオーネ！",
    "salesValue": 1400000,
    "recordDate": "2017-11",
    "salesDesc": "シリーズ累計140万部突破",
    "sourceDesc": "原作21巻帯",
    "isbn": "4086304287",
    "oldData": {
      "sales": "2017/11/**  シリーズ累計140万部突破",
      "reprint": null
    }
  },
  {
    "title": "十角館の殺人",
    "salesValue": 1360000,
    "recordDate": "2021-09-25",
    "salesDesc": "累計136万部突破",
    "sourceDesc": "月刊アフタヌーン2021年11月号次号予告",
    "isbn": "406181320X",
    "oldData": {
      "sales": null,
      "reprint": null
    }
  },
  {
    "title": "嘘つきみーくんと壊れたまーちゃん",
    "salesValue": 1350000,
    "recordDate": "2015-12",
    "salesDesc": "累計135万部",
    "sourceDesc": "著：三木一馬「面白ければなんでもあり」の著者紹介",
    "isbn": "4840238790",
    "oldData": {
      "sales": null,
      "reprint": null
    }
  },
  {
    "title": "異世界魔法は遅れてる！",
    "salesValue": 1300000,
    "recordDate": "2022-04-21",
    "salesDesc": "シリーズ累計(紙+電子)130万部突破",
    "sourceDesc": "コミカライズ9巻帯",
    "isbn": "4906866751",
    "oldData": {
      "sales": "2022/04/21  シリーズ累計(紙+電子)130万部突破\n2021/04/20  シリーズ累計(紙+電子)120万部突破\n2020/09/18  シリーズ累計(紙+電子)110万部\n2020/03/20  シリーズ累計(紙+電子)100万部突破\n2019/04/22  シリーズ累計70万部突破（紙+電子）\n2018/07/**  シリーズ累計40万部突破",
      "reprint": null
    }
  },
  {
    "title": "31番目のお妃様",
    "salesValue": 1300000,
    "recordDate": "2022-04-01",
    "salesDesc": "シリーズ累計130万部突破",
    "sourceDesc": "<a href=\"https://twitter.com/bslog_bunko/status/1509729010900615170\">ビーズログ文庫Twitter</a>",
    "isbn": "4047351768",
    "oldData": {
      "sales": "2022/04/01  シリーズ累計130万部突破\n2021/08/02  シリーズ累計100万部突破\n2020/11/22  シリーズ累計50万部超",
      "reprint": "**刷  ****/**/**決定 ／ 2020/09/09出来\n**刷  ****/**/**決定 ／ 2020/02/20出来"
    }
  },
  {
    "title": "居酒屋ぼったくり",
    "salesValue": 1300000,
    "recordDate": "2022-03-30",
    "salesDesc": "シリーズ累計130万部突破(電子含む)",
    "sourceDesc": "<a href=\"https://www.amazon.co.jp/dp/4434301136\">原作文庫版「おかわり！」2巻帯</a>",
    "isbn": "4434192485",
    "oldData": {
      "sales": "2022/03/30  シリーズ累計130万部突破（電子含む）\n2021/09/22  シリーズ累計126万部突破（電子含む）\n2020/11/12  シリーズ累計120万部突破（電子含む）\n2020/09/24  シリーズ累計117万部突破（電子含む）\n2020/08/18  シリーズ累計115万部突破（電子含む）\n2020/06/15  シリーズ累計112万部突破（電子含む）\n2020/02/14  シリーズ累計110万部突破（電子含む）\n2019/11/28  シリーズ累計100万部突破\n2019/09/26  シリーズ累計98万部\n2019/04/19  シリーズ累計94万部\n2019/03/25  シリーズ累計92万部突破\n2019/02/**  シリーズ累計90万部\n2019/01/**  シリーズ累計86万部突破\n2018/09/**  シリーズ累計83万部突破\n2018/08/**  シリーズ累計77万部突破",
      "reprint": null
    }
  },
  {
    "title": "乙女ゲー世界はモブに厳しい世界です",
    "salesValue": 1300000,
    "recordDate": "2022-03-15",
    "salesDesc": "累計130万部突破",
    "sourceDesc": "<a href=\"https://twitter.com/shiosatojyun11/status/1503660002682490881\">コミカライズ作者Twitter</a>",
    "isbn": "4896377532",
    "oldData": {
      "sales": "2022/03/15  累計130万部突破\n2021/06/18  シリーズ累計76万部突破\n2021/03/16  シリーズ累計35万部突破\n2020/07/15  シリーズ累計30万部突破\n2020/01/06  シリーズ累計10万部突破",
      "reprint": "**刷  2020/07/15決定\n**刷  2019/12/26決定"
    }
  },
  {
    "title": "没落予定なので、鍛冶職人を目指す",
    "salesValue": 1300000,
    "recordDate": "2022-01-31",
    "salesDesc": "シリーズ累計130万部突破※紙本と電子書籍の合算数字となります。2022年2月現在。",
    "sourceDesc": "<a href=\"https://twitter.com/fj_dragonage/status/1488089681166155779\">コミカライズ10巻帯</a>、<a href=\"https://twitter.com/ayaisida/status/1488721041988141058\">コミカライズ10巻帯</a>",
    "isbn": "4040708768",
    "oldData": {
      "sales": "2022/01/31  シリーズ累計130万部突破（※紙本と電子書籍の合算数字となります。2022年2月現在。）",
      "reprint": null
    }
  },
  {
    "title": "魔王様、リトライ！",
    "salesValue": 1300000,
    "recordDate": "2021-11-17",
    "salesDesc": "シリーズ累計130万部突破(※電子含む)",
    "sourceDesc": "<a href=\"https://twitter.com/monster_futaba/status/1460834865381736449\">コミカライズ8巻帯</a>",
    "isbn": "4575751413",
    "oldData": {
      "sales": "2021/11/17  シリーズ累計130万部突破（※電子含む）\n2021/04/09  シリーズ累計100万部突破（※小説とコミックスそれぞれ紙本と電子書籍の合算数字となります。(2021年4月現在)）\n2021/02/15  シリーズ累計80万部突破\n2020/08/28  シリーズ累計70万部突破（※電子含む）\n2020/02/28  シリーズ累計60万部突破（※電子含む）\n2018/10/**  ライトノベル、マンガなどの累計発行部数20万部以上",
      "reprint": null
    }
  },
  {
    "title": "公爵令嬢の嗜み",
    "salesValue": 1300000,
    "recordDate": "2021-07-03",
    "salesDesc": "シリーズ累計130万部突破(電子含む)",
    "sourceDesc": "<a href=\"https://twitter.com/youngace_up/status/1411159008380080137\">コミカライズ8巻帯</a>",
    "isbn": "4041037425",
    "oldData": {
      "sales": "2021/07/03  シリーズ累計130万部突破（電子含む）\n2020/03/02  シリーズ累計90万部突破（電子含む）\n2019/08/02  シリーズ累計70万部突破（電子含む）\n2018/12/10  シリーズ累計50万部突破",
      "reprint": null
    }
  },
  {
    "title": "飛空士シリーズ",
    "salesValue": 1300000,
    "recordDate": "2019-09-18",
    "salesDesc": "全世界累計130万部突破",
    "sourceDesc": "プロペラオペラ帯",
    "isbn": "4094510524",
    "oldData": {
      "sales": "2019/09/18  全世界累計130万部突破",
      "reprint": null
    }
  },
  {
    "title": "ホーンテッド・キャンパス",
    "salesValue": 1300000,
    "recordDate": "2019-03",
    "salesDesc": "シリーズ累計130万部突破",
    "sourceDesc": "秋の猫は緋の色帯",
    "isbn": "4041005388",
    "oldData": {
      "sales": "2019/03/**  シリーズ累計130万部突破",
      "reprint": null
    }
  },
  {
    "title": "レイン",
    "salesValue": 1300000,
    "recordDate": "2018-06",
    "salesDesc": "シリーズ累計130万部突破",
    "sourceDesc": "文庫版15巻帯",
    "isbn": "4434068202",
    "oldData": {
      "sales": null,
      "reprint": null
    }
  },
  {
    "title": "ポーション頼みで生き延びます！",
    "salesValue": 1300000,
    "recordDate": "2021-12-09",
    "salesDesc": "シリーズ累計130万部(マンガ+小説)",
    "sourceDesc": "コミカライズ9巻帯",
    "isbn": "4063650227",
    "oldData": {
      "sales": "2021/12/09  シリーズ累計130万部（マンガ+小説）\n2021/11/18  シリーズ累計127万部\n2021/11/01  シリーズ累計125万部突破（※電子版含む）\n2021/10/04  シリーズ累計120万部突破（※電子版含む）\n2021/05/26  シリーズ累計110万部\n2021/05/03  シリーズ累計105万部\n2021/04/05  シリーズ累計100万部突破\n2021/02/01  シリーズ累計95万部突破\n2021/01/04  シリーズ累計92万部突破\n2020/11/19  シリーズ累計90万部\n2020/10/20  シリーズ累計86万部突破（※電子版含む）\n2020/10/05  シリーズ累計82万部突破\n2020/08/03  シリーズ累計72万部突破\n2020/07/06  シリーズ累計71万部突破\n2020/05/22  シリーズ累計68万部\n2020/05/04  シリーズ累計63万部突破\n2020/03/02  シリーズ累計61万部到達\n2020/01/06  シリーズ累計55万部到達\n2019/11/03  シリーズ累計50万部突破\n2019/08/23  シリーズ累計46万部\n2019/05/26  シリーズ累計40万部突破（※電子版含む）\n2019/01/**  紙+電子版のシリーズ累計25万部到達\n2018/05/**  シリーズ累計10万部突破",
      "reprint": null
    }
  },
  {
    "title": "よろず占い処",
    "salesValue": 1300000,
    "recordDate": "2021-02-18",
    "salesDesc": "累計130万部",
    "sourceDesc": "陰陽屋リーディングライブPR事務局プレリリース「<a href=\"https://prtimes.jp/main/html/rd/p/000000001.000074659.html\">『よろず占い処 陰陽屋と琥珀の瞳』 オンラインリーディングライブ開催！</a>」",
    "isbn": "4591122379",
    "oldData": {
      "sales": "2021/02/18  累計130万部\n2020/11/04  累計120万部突破",
      "reprint": null
    }
  },
  {
    "title": "機動戦士ガンダム　閃光のハサウェイ",
    "salesValue": 1300000,
    "recordDate": "2020-03-24",
    "salesDesc": "発行部数計130万部",
    "sourceDesc": "UNIVERSAL MUSIC JAPAN「<a href=\"https://www.universal-music.co.jp/alexandros/news/2020-03-24/\">映画『機動戦士ガンダム 閃光のハサウェイ』主題歌に[Alexandros]が決定！！</a>」",
    "isbn": "4044101310",
    "oldData": {
      "sales": "2020/03/24  発行部数計130万部",
      "reprint": null
    }
  },
  {
    "title": "しにがみのバラッド。",
    "salesValue": 1300000,
    "recordDate": "2015-12",
    "salesDesc": "累計130万部",
    "sourceDesc": "著：三木一馬「面白ければなんでもあり」の著者紹介",
    "isbn": "4840223939",
    "oldData": {
      "sales": null,
      "reprint": null
    }
  },
  {
    "title": "RDG レッドデータガール",
    "salesValue": 1280000,
    "recordDate": "2019-01",
    "salesDesc": "累計128万部",
    "sourceDesc": "角川文庫版氷の靴 ガラスの靴帯",
    "isbn": "4048738496",
    "oldData": {
      "sales": null,
      "reprint": null
    }
  },
  {
    "title": "神様のメモ帳",
    "salesValue": 1270000,
    "recordDate": "2015-10-04",
    "salesDesc": "累計127万部突破",
    "sourceDesc": "電撃文庫総合目録2015",
    "isbn": "4840236917",
    "oldData": {
      "sales": "2015/10/04  累計127万部突破",
      "reprint": null
    }
  },
  {
    "title": "終末なにしてますか？　忙しいですか？　救ってもらっていいですか？",
    "salesValue": 1250000,
    "recordDate": "2021-06-18",
    "salesDesc": "全世界シリーズ累計125万部突破※紙本・電子の合算数字",
    "sourceDesc": "<a href=\"https://twitter.com/kadokawasneaker/status/1405827633628082176\">原作「もう一度だけ、会えますか？」10巻帯</a>",
    "isbn": "404102269X",
    "oldData": {
      "sales": "2021/06/18  全世界シリーズ累計125万部突破（※紙本・電子の合算数字）\n2019/05/24  全世界関連シリーズ累計100万部突破\n2018/08/**  全世界関連シリーズ累計90万部突破\n2017/08/**  シリーズ累計65万部突破",
      "reprint": "**刷  2020/09/28決定"
    }
  },
  {
    "title": "悪ノ大罪シリーズ",
    "salesValue": 1250000,
    "recordDate": "2017-11",
    "salesDesc": "累計125万部突破",
    "sourceDesc": "原作悪ノ大罪　master of the heavenly yard帯",
    "isbn": "4569791034",
    "oldData": {
      "sales": null,
      "reprint": null
    }
  },
  {
    "title": "Re:Monster",
    "salesValue": 1230000,
    "recordDate": "2021-09-22",
    "salesDesc": "累計123万部突破(電子含む)",
    "sourceDesc": "<a href=\"https://www.amazon.co.jp/dp/4434294067\">コミカライズ8巻帯</a>",
    "isbn": "4434169343",
    "oldData": {
      "sales": "2021/09/22  累計123万部突破（電子含む）\n2020/10/22  累計109万部突破（電子含む）\n2020/06/23  累計100万部（電子含む）\n2019/11/19  累計77万部突破\n2019/04/19  累計72万部突破\n2019/01/**  累計70万部突破\n2018/06/**  累計65万部突破",
      "reprint": null
    }
  },
  {
    "title": "セックス＆ダンジョン!!　～我が家の地下に、H回数=レベルのダンジョンが出現した!?～",
    "salesValue": 1200000,
    "recordDate": "2022-04-11",
    "salesDesc": "紙・電子累計120万部突破",
    "sourceDesc": "<a href=\"https://www.kadokawa.co.jp/product/322201000179/\">コミカライズ7巻あらすじ・内容</a>",
    "isbn": "4799212362",
    "oldData": {
      "sales": "2022/04/11  紙・電子累計120万部突破\n2022/01/06  累計100万部突破（※紙・電子合算）\n2021/08/23  累計69万部突破（※紙・電子合算）\n2021/05/30  紙・電子累計39万部突破\n2021/04/05  累計10万部突破",
      "reprint": null
    }
  },
  {
    "title": "異世界でスキルを解体したらチートな嫁が増殖しました　概念交差のストラクチャー",
    "salesValue": 1200000,
    "recordDate": "2022-04-01",
    "salesDesc": "シリーズ累計120万部超※紙本と電子本の合算。2022年4月現在",
    "sourceDesc": "<a href=\"https://twitter.com/katase_minami/status/1509555744945086464\">コミカライズ9巻帯</a>",
    "isbn": "4040720652",
    "oldData": {
      "sales": "2022/04/01  シリーズ累計120万部超（※紙本と電子本の合算。2022年4月現在）\n2021/03/07  シリーズ累計(紙の本と電子書籍で)90万部突破\n2020/07/08  シリーズ累計70万部突破（※紙本と電子書籍の合算。2020年6月現在。）\n2020/03/07  シリーズ累計40万部突破\n2019/10/08  シリーズ累計37万部突破\n2019/02/**  シリーズ累計33万部突破",
      "reprint": null
    }
  },
  {
    "title": "アサシンズプライド",
    "salesValue": 1200000,
    "recordDate": "2022-02-11",
    "salesDesc": "文庫+コミックス シリーズ累計120万部突破(紙+電子)",
    "sourceDesc": "<a href=\"https://twitter.com/yoshie0525/status/1492080696621690880\">コミカライズ9巻帯</a>",
    "isbn": "4040708172",
    "oldData": {
      "sales": "2022/02/11  文庫+コミックス シリーズ累計120万部突破（紙+電子）\n2021/07/15  文庫+コミックス シリーズ累計100万部突破（紙+電子）\n2019/12/20  シリーズ累計50万部突破\n2019/05/17  シリーズ累計40万部突破",
      "reprint": null
    }
  },
  {
    "title": "転生したら第七王子だったので、気ままに魔術を極めます",
    "salesValue": 1200000,
    "recordDate": "2022-02-09",
    "salesDesc": "累計120万部突破",
    "sourceDesc": "コミカライズ6巻帯",
    "isbn": "4065206421",
    "oldData": {
      "sales": "2022/02/09  累計120万部突破\n2021/11/09  シリーズ累計100万部突破\n2021/09/28  シリーズ累計70万部突破",
      "reprint": null
    }
  },
  {
    "title": "最強職《竜騎士》から初級職《運び屋》になったのに、なぜか勇者達から頼られてます",
    "salesValue": 1200000,
    "recordDate": "2022-01-12",
    "salesDesc": "シリーズ累計120万部突破※電子書籍含む",
    "sourceDesc": "<a href=\"https://twitter.com/amauisiroichi/status/1480926737194438656\">原作者Twitter</a>、コミカライズ9巻帯",
    "isbn": "4094611088",
    "oldData": {
      "sales": "2022/01/12  シリーズ累計120万部突破（※電子書籍含む）\n2021/11/16  シリーズ累計110万部突破\n2020/12/13  シリーズ累計100万部突破\n2020/07/17  シリーズ累計80万部突破（※電子書籍含む）\n2020/02/12  シリーズ累計65万部突破\n2019/07/18  シリーズ累計50万部突破\n2019/03/**  シリーズ累計35万部突破\n2019/02/**  シリーズ累計30万部突破\n2018/11/**  シリーズ累計20万部突破\n2018/09/**  シリーズ累計15万部突破",
      "reprint": null
    }
  },
  {
    "title": "冒険者ライセンスを剥奪されたおっさんだけど、愛娘ができたのでのんびり人生を謳歌する",
    "salesValue": 1200000,
    "recordDate": "2021-11-30",
    "salesDesc": "シリーズ累計120万部突破",
    "sourceDesc": "<a href=\"https://twitter.com/itsuki_kousei/status/1465509115334070275\">コミカライズ8巻帯</a>",
    "isbn": "4797397225",
    "oldData": {
      "sales": "2021/11/30  シリーズ累計120万部突破\n2021/06/02  コミカライズ版累計100万部突破\n2021/01/26  コミカライズ版累計95万部突破\n2020/12/25  シリーズ累計80万部突破\n2020/11/11  コミックス累計77万部突破\n2020/09/07  シリーズ累計73万部突破\n2020/09/02  シリーズ累計70万部突破\n2020/08/07  シリーズ累計60万部突破\n2020/05/22  コミックス累計50万部突破\n2019/10/18  コミックス累計33万部突破\n2019/10/04  1～3巻累計30万部突破\n2019/08/29  コミカライズ1＆2巻累計22万部突破\n2019/06/06  コミカライズ1＆2巻累計20.3万部突破（電子含む）\n2019/05/20  コミカライズ1＆2巻累計18.8万部突破（電子含む）",
      "reprint": null
    }
  },
  {
    "title": "魔導具師ダリヤはうつむかない　～今日から自由な職人ライフ～",
    "salesValue": 1200000,
    "recordDate": "2021-10-25",
    "salesDesc": "シリーズ累計120万部突破",
    "sourceDesc": "コミカライズ(BLADE COMICS)4巻通常版帯、<a href=\"https://twitter.com/amagishihisaya/status/1452448646650163200\">原作7巻帯</a>",
    "isbn": "4040653076",
    "oldData": {
      "sales": "2021/10/25  シリーズ累計120万部突破\n2021/04/21  シリーズ累計90万部突破",
      "reprint": "*6刷  2020/10/15決定 ／ 2020/11/14出来\n*5刷  2020/02/13決定\n*4刷  ****/**/**決定 ／ 2019/11/13出来"
    }
  },
  {
    "title": "ネクストライフ",
    "salesValue": 1200000,
    "recordDate": "2021-07-23",
    "salesDesc": "シリーズ累計120万部突破※電子版含む",
    "sourceDesc": "<a href=\"https://twitter.com/herobunko/status/1419495024144748544\">コミカライズ6巻帯</a>",
    "isbn": "4072903922",
    "oldData": {
      "sales": "2021/07/23  シリーズ累計120万部突破（※電子版含む）\n2019/10/24  シリーズ累計100万部突破\n2019/03/**  シリーズ累計80万部突破\n2018/06/**  シリーズ累計70万部突破\n2017/11/**  シリーズ累計65万部突破",
      "reprint": null
    }
  },
  {
    "title": "弱キャラ友崎くん",
    "salesValue": 1200000,
    "recordDate": "2021-01-06",
    "salesDesc": "シリーズ累計120万部突破(2021年1月現在)",
    "sourceDesc": "<a href=\"https://twitter.com/Yaku_yuki/status/1346745985192480768\">作者Twitter</a>",
    "isbn": "4094516107",
    "oldData": {
      "sales": "2021/01/06  シリーズ累計120万部突破（2021年1月現在）\n2020/04/17  シリーズ累計100万部突破（2020年4月現在）\n2019/12/15  シリーズ累計85万部突破\n2019/04/18  累計50万部突破\n2018/10/**  シリーズ累計40万部突破\n2018/10/**  シリーズ30万部突破",
      "reprint": "**刷  2020/07/10決定\n20刷  2020/02/29決定"
    }
  },
  {
    "title": "ヘヴィーオブジェクト",
    "salesValue": 1200000,
    "recordDate": "2015-09-17",
    "salesDesc": "シリーズ累計120万部",
    "sourceDesc": "KADOKAWAニュースリリース",
    "isbn": "4048680692",
    "oldData": {
      "sales": "2015/09/17  シリーズ累計120万部",
      "reprint": null
    }
  },
  {
    "title": "鬼滅の刃 ノベライズ みらい文庫版",
    "salesValue": 1180000,
    "recordDate": "2022-03-18",
    "salesDesc": "みらい文庫「鬼滅の刃 ノベライズ」シリーズ累計118万部突破",
    "sourceDesc": "<a href=\"https://twitter.com/miraibunko/status/1504349102993448960\">集英社みらい文庫Twitter</a>、みらい文庫「鬼滅の刃 ノベライズ～無限城突入！　しのぶの想い編～」帯",
    "isbn": "4083215852",
    "oldData": {
      "sales": "2022/03/18  みらい文庫「鬼滅の刃 ノベライズ」シリーズ累計118万部突破\n2021/11/19  みらい文庫「鬼滅の刃 ノベライズ」シリーズ累計110万部突破\n2021/06/11  みらい文庫『鬼滅の刃』ノベライズ累計100万部突破\n2021/04/21  みらい文庫『鬼滅の刃』ノベライズ累計84万部突破\n2020/11/20  シリーズ累計50万部突破",
      "reprint": null
    }
  },
  {
    "title": "自称悪役令嬢な婚約者の観察記録。",
    "salesValue": 1120000,
    "recordDate": "2021-09-30",
    "salesDesc": "シリーズ累計112万部突破(電子含む)",
    "sourceDesc": "<a href=\"https://www.amazon.co.jp/dp/4434294156\">コミカライズ5巻帯</a>",
    "isbn": "4434232312",
    "oldData": {
      "sales": "2021/09/30  シリーズ累計112万部突破（電子含む）\n2021/02/24  シリーズ累計66万部突破（電子含む）\n2020/07/28  シリーズ累計35万部突破（電子含む）",
      "reprint": null
    }
  },
  {
    "title": "レベル1だけどユニークスキルで最強です",
    "salesValue": 1120000,
    "recordDate": "2022-04-26",
    "salesDesc": "シリーズ累計112万部",
    "sourceDesc": "<a href=\"https://twitter.com/shonen_sirius/status/1518855648645197824\">月刊少年シリウス2022年6月号掲載水曜日のシリウス広告</a>",
    "isbn": "4063650391",
    "oldData": {
      "sales": "2022/04/26  シリーズ累計112万部\n2021/11/18  シリーズ累計101万部\n2021/06/25  シリーズ累計90万部\n2021/05/10  シリーズ累計85万部突破（電子版含む）\n2021/02/09  シリーズ累計75万部突破（電子版含む）\n2021/01/21  シリーズ累計72万部突破\n2020/09/25  シリーズ累計56万部突破\n2020/09/01  シリーズ累計55万部突破\n2020/04/24  シリーズ累計38万部\n2020/03/02  シリーズ累計34万部\n2020/01/06  シリーズ累計28万部\n2019/12/04  シリーズ累計27万部突破（電子版含む）\n2019/11/03  シリーズ累計23万部\n2019/08/23  シリーズ累計22万部",
      "reprint": null
    }
  },
  {
    "title": "初めましてこんにちは、離婚してください",
    "salesValue": 1100000,
    "recordDate": "2022-04-08",
    "salesDesc": "累計110万部突破(紙+電子 DL数)",
    "sourceDesc": "<a href=\"https://twitter.com/chiyoharuasagi/status/1512365474528776192\">コミカライズ5巻拡材</a>",
    "isbn": "4813702643",
    "oldData": {
      "sales": "2022/04/08  累計110万部突破（紙+電子 DL数）\n2021/10/14  累計50万部突破（紙+電子含む）",
      "reprint": null
    }
  },
  {
    "title": "悪役令嬢なのでラスボスを飼ってみました",
    "salesValue": 1100000,
    "recordDate": "2021-10-02",
    "salesDesc": "シリーズ累計110万部突破(紙+電子含)",
    "sourceDesc": "<a href=\"https://twitter.com/yuzuanko_/status/1444283606751318022\">コミカライズ作者Twitter</a>",
    "isbn": "4041060362",
    "oldData": {
      "sales": "2021/10/02  シリーズ累計110万部突破（紙+電子含）",
      "reprint": null
    }
  },
  {
    "title": "ゴーストハントシリーズ",
    "salesValue": 1100000,
    "recordDate": "2021-06-15",
    "salesDesc": "累計110万部突破",
    "sourceDesc": "<a href=\"https://twitter.com/KadokawaBunko/status/1404717048995848192\">角川文庫編集部Twitter</a>",
    "isbn": "406190311X",
    "oldData": {
      "sales": null,
      "reprint": null
    }
  },
  {
    "title": "マージナル・オペレーション",
    "salesValue": 1100000,
    "recordDate": "2020-03-23",
    "salesDesc": "電子+紙 累計110万部突破",
    "sourceDesc": "コミカライズ14巻帯",
    "isbn": "4061388231",
    "oldData": {
      "sales": null,
      "reprint": null
    }
  },
  {
    "title": "うちの執事に願ったならば",
    "salesValue": 1100000,
    "recordDate": "2019-12-24",
    "salesDesc": "シリーズ累計110万部突破",
    "sourceDesc": "原作8巻帯",
    "isbn": "4041052718",
    "oldData": {
      "sales": "2019/12/24  シリーズ累計110万部突破",
      "reprint": null
    }
  },
  {
    "title": "浜村渚の計算ノート",
    "salesValue": 1100000,
    "recordDate": "2019-10-08",
    "salesDesc": "累計110万部突破",
    "sourceDesc": "講談社青い鳥文庫版2巻帯",
    "isbn": "4062769816",
    "oldData": {
      "sales": "2019/10/08  累計110万部突破",
      "reprint": null
    }
  },
  {
    "title": "最弱無敗の神装機竜",
    "salesValue": 1100000,
    "recordDate": "2018-05",
    "salesDesc": "シリーズ累計110万部突破",
    "sourceDesc": "原作15巻帯",
    "isbn": "4797374667",
    "oldData": {
      "sales": "2018/05/**  シリーズ累計110万部突破",
      "reprint": null
    }
  },
  {
    "title": "異世界食堂",
    "salesValue": 1100000,
    "recordDate": "2019-03",
    "salesDesc": "シリーズ累計110万部",
    "sourceDesc": "原作5巻帯",
    "isbn": "4074113295",
    "oldData": {
      "sales": "2019/03/**  シリーズ累計110万部\n2018/07/**  シリーズ累計75万部突破",
      "reprint": null
    }
  },
  {
    "title": "撲殺天使ドクロちゃん",
    "salesValue": 1100000,
    "recordDate": "2015-12",
    "salesDesc": "累計110万部",
    "sourceDesc": "著：三木一馬「面白ければなんでもあり」の著者紹介",
    "isbn": "4840223920",
    "oldData": {
      "sales": null,
      "reprint": null
    }
  },
  {
    "title": "老後に備えて異世界で8万枚の金貨を貯めます",
    "salesValue": 1080000,
    "recordDate": "2021-11-18",
    "salesDesc": "シリーズ累計108万部",
    "sourceDesc": "<a href=\"https://seiga.nicovideo.jp/watch/mg598025\">ニコニコ静画「どうしても破滅したくない悪役令嬢が現代兵器を手にした結果がこれです」61話最終頁</a>",
    "isbn": "4063650278",
    "oldData": {
      "sales": "2021/11/18  シリーズ累計108万部\n2021/10/04  シリーズ累計101万部突破（※電子版含む）\n2021/05/26  シリーズ累計90万部\n2020/11/19  シリーズ累計73万部\n2020/10/20  シリーズ累計70万部突破（※電子版含む）\n2020/05/22  シリーズ累計57万部\n2020/03/02  シリーズ累計49万部\n2020/01/06  シリーズ累計43万部\n2019/11/03  シリーズ累計38万部\n2019/08/23  シリーズ累計36万部\n2019/05/26  シリーズ累計30万部突破（※電子版含む）\n2019/03/**  シリーズ累計20万部突破（※電子版含む）\n2018/05/**  シリーズ累計10万部突破",
      "reprint": null
    }
  },
  {
    "title": "ゴールデンタイム",
    "salesValue": 1070000,
    "recordDate": "2014-01-06",
    "salesDesc": "シリーズ累計107万部",
    "sourceDesc": "KADOKAWAニュースリリース",
    "isbn": "4048688782",
    "oldData": {
      "sales": "2014/01/06  シリーズ累計107万部",
      "reprint": null
    }
  },
  {
    "title": "実は俺、最強でした？",
    "salesValue": 1050000,
    "recordDate": "2021-10-26",
    "salesDesc": "シリーズ累計105万部",
    "sourceDesc": "<a href=\"https://twitter.com/shonen_sirius/status/1452896046447792132\">月刊少年シリウス編集部Twitter</a>",
    "isbn": "4065161738",
    "oldData": {
      "sales": "2021/10/26  シリーズ累計105万部\n2021/10/13  コミックス累計100万部突破\n2021/04/26  シリーズ累計77万部\n2020/11/19  シリーズ累計43万部\n2020/08/03  シリーズ累計30万部突破\n2020/03/02  シリーズ累計15万部\n2020/01/06  シリーズ累計10万部\n2019/11/03  シリーズ累計6万部",
      "reprint": null
    }
  },
  {
    "title": "ネトゲの嫁は女の子じゃないと思った？",
    "salesValue": 1050000,
    "recordDate": "2017-03-12",
    "salesDesc": "シリーズ累計105万部",
    "sourceDesc": "KADOKAWAニュースリリース",
    "isbn": "4048917994",
    "oldData": {
      "sales": "2017/03/12  シリーズ累計105万部\n2015/10/04  累計50万部突破",
      "reprint": null
    }
  },
  {
    "title": "史上最強の大魔王、村人Aに転生する",
    "salesValue": 1000000,
    "recordDate": "2022-04-29",
    "salesDesc": "シリーズ累計100万部突破※文庫+コミックス ともに電子版含む",
    "sourceDesc": "<a href=\"https://twitter.com/murabitoA_anime/status/1520050340200353792\">TVアニメ「史上最強の大魔王、村人Aに転生する」【公式】Twitter</a>",
    "isbn": "4040726820",
    "oldData": {
      "sales": "2022/04/29  シリーズ累計100万部突破（※文庫+コミックス ともに電子版含む）\n2020/01/18  シリーズ累計25万部突破（※コミックス、電子含む(2019年12月現在)）\n2019/08/06  シリーズ累計20万部突破",
      "reprint": null
    }
  },
  {
    "title": "転生した大聖女は、聖女であることをひた隠す",
    "salesValue": 1000000,
    "recordDate": "2022-04-27",
    "salesDesc": "シリーズ累計100万部突破",
    "sourceDesc": "<a href=\"https://twitter.com/comicearthstar/status/1519255043815673856\">コミック アース・スター公式Twitter</a>",
    "isbn": "4803013063",
    "oldData": {
      "sales": "2022/04/27  シリーズ累計100万部突破\n2021/12/02  シリーズ累計80万部突破\n2021/07/02  シリーズ累計60万部突破\n2021/04/28  シリーズ累計50万部突破\n2021/02/03  シリーズ累計40万部突破\n2020/09/03  シリーズ累計20万部突破",
      "reprint": "*3刷  2020/02/06決定\n*2刷  2019/06/19決定"
    }
  },
  {
    "title": "父は英雄、母は精霊、娘の私は転生者。",
    "salesValue": 1000000,
    "recordDate": "2022-04-22",
    "salesDesc": "累計100万部突破",
    "sourceDesc": "<a href=\"https://twitter.com/big_gangan/status/1517478717098196992\">月刊ビッグガンガンTwitter</a>",
    "isbn": "4047349798",
    "oldData": {
      "sales": "2022/04/22  累計100万部突破\n2021/09/14  シリーズ累計80万部突破\n2021/03/23  シリーズ累計70万部突破\n2021/02/25  シリーズ累計65万部突破\n2020/09/17  シリーズ累計50万部突破\n2020/03/02  シリーズ累計30万部突破\n2019/10/08  小説・コミックシリーズ累計20万部（※紙本と電子書籍の合計数字となります。2019年10月現在。）",
      "reprint": null
    }
  },
  {
    "title": "後宮の烏",
    "salesValue": 1000000,
    "recordDate": "2022-04-14",
    "salesDesc": "シリーズ累計100万部突破",
    "sourceDesc": "<a href=\"https://twitter.com/orangebunko/status/1514574598091657223\">オレンジ文庫＠集英社Twitter</a>",
    "isbn": "4086801884",
    "oldData": {
      "sales": "2022/04/14  シリーズ累計100万部突破\n2021/08/20  シリーズ累計90万部突破\n2020/12/11  シリーズ累計80万部突破\n2020/04/10  シリーズ累計50万部突破\n2019/08/02  シリーズ累計30万部突破\n2019/04/04  18万部突破\n2019/02/**  シリーズ累計17万部突破\n2018/11/**  シリーズ累計15万部突破\n2018/06/**  5万部突破",
      "reprint": "**刷  ****/**/**決定 ／ 2020/10/12出来\n**刷  2020/02/28決定 ／ 2020/04/10出来\n**刷  2019/12/13決定"
    }
  },
  {
    "title": "召喚された賢者は異世界を往く　～最強なのは不要在庫のアイテムでした～",
    "salesValue": 1000000,
    "recordDate": "2022-03-19",
    "salesDesc": "シリーズ累計100万部突破※紙＆電子書籍の合算",
    "sourceDesc": "コミカライズ7巻帯",
    "isbn": "4040652789",
    "oldData": {
      "sales": "2022/03/19  シリーズ累計100万部突破（※紙＆電子書籍の合算）\n2021/05/20  シリーズ累計70万部突破（※紙＆電子書籍の合算）",
      "reprint": null
    }
  },
  {
    "title": "ウォルテニア戦記",
    "salesValue": 1000000,
    "recordDate": "2022-03-18",
    "salesDesc": "シリーズ累計100万部突破",
    "sourceDesc": "<a href=\"https://twitter.com/HJ_novels/status/1504804818854068224\">HJノベルスTwitter</a>",
    "isbn": "4798610763",
    "oldData": {
      "sales": "2022/03/18  シリーズ累計100万部突破",
      "reprint": null
    }
  },
  {
    "title": "劣等眼の転生魔術師　～虐げられた元勇者は未来の世界を余裕で生き抜く～",
    "salesValue": 1000000,
    "recordDate": "2022-03-14",
    "salesDesc": "シリーズ累計100万部突破",
    "sourceDesc": "<a href=\"https://www.s-manga.net/items/contents.html?isbn=978-4-08-892264-5\">コミカライズ9巻帯</a>",
    "isbn": "4086312557",
    "oldData": {
      "sales": "2022/03/14  シリーズ累計100万部突破\n2021/12/01  シリーズ累計90万部突破\n2021/09/16  シリーズ累計80万部突破\n2021/03/29  シリーズ累計70万部突破\n2020/12/15  シリーズ累計60万部突破\n2020/08/30  シリーズ累計50万部突破\n2020/08/16  シリーズ累計45万部突破\n2020/01/06  シリーズ累計35万部突破\n2019/08/11  シリーズ累計25万部突破",
      "reprint": null
    }
  },
  {
    "title": "異世界でチート能力を手にした俺は、現実世界をも無双する　～レベルアップは人生を変えた～",
    "salesValue": 1000000,
    "recordDate": "2022-03-09",
    "salesDesc": "シリーズ累計100万部突破(紙+電子)",
    "sourceDesc": "<a href=\"https://twitter.com/fantasia_bunko/status/1501845914268274689\">コミカライズ3巻帯</a>",
    "isbn": "4040730232",
    "oldData": {
      "sales": "2022/03/09  シリーズ累計100万部突破（紙+電子）\n2021/10/20  シリーズ累計90万部突破（※文庫+コミックス(ともに電子版を含む)）",
      "reprint": "**刷  2020/09/15決定\n**刷  2020/07/13決定\n**刷  2020/06/02決定\n**刷  2019/01/08決定"
    }
  },
  {
    "title": "暴食のベルセルク　～俺だけレベルという概念を突破する～",
    "salesValue": 1000000,
    "recordDate": "2022-02-17",
    "salesDesc": "シリーズ累計100万部突破",
    "sourceDesc": "株式会社マイクロマガジン社プレリリース「<a href=\"https://prtimes.jp/main/html/rd/p/000000884.000048095.html\">シリーズ累計100万部突破！スキル強奪系ダークファンタジーシリーズ文庫版最新刊！『暴食のベルセルク～俺だけレベルという概念を突破して最強～ ２』が発売</a>」",
    "isbn": "4896376722",
    "oldData": {
      "sales": "2022/02/17  シリーズ累計100万部突破\n2021/12/14  シリーズ累計90万部突破\n2021/09/22  累計80万部突破\n2021/06/17  シリーズ累計75万部突破\n2021/04/28  シリーズ累計70万部突破\n2020/08/04  シリーズ累計40万部突破\n2020/06/26  シリーズ累計38万部突破\n2020/02/10  25万部突破",
      "reprint": null
    }
  },
  {
    "title": "最後の晩ごはん",
    "salesValue": 1000000,
    "recordDate": "2022-02-09",
    "salesDesc": "シリーズ累計100万部突破",
    "sourceDesc": "<a href=\"https://twitter.com/kadokawa_c_bun/status/1491327763890212866\">原作「後悔とマカロニグラタン」帯</a>",
    "isbn": "4041020565",
    "oldData": {
      "sales": "2022/02/09  シリーズ累計100万部突破\n2021/07/09  シリーズ累計90万部突破\n2019/12/24  シリーズ累計80万部突破\n2018/12/**  シリーズ累計70万部突破",
      "reprint": null
    }
  },
  {
    "title": "わが家は祇園の拝み屋さん",
    "salesValue": 1000000,
    "recordDate": "2022-02-04",
    "salesDesc": "シリーズ累計100万部突破※紙と電子の合算数字(2022年1月現在)",
    "sourceDesc": "<a href=\"https://twitter.com/maimotiduki/status/1489424719900151809\">原作1・2巻重版帯</a>",
    "isbn": "4041037964",
    "oldData": {
      "sales": "2022/02/04  シリーズ累計100万部突破（※紙と電子の合算数字(2022年1月現在)）\n2021/09/08  シリーズ累計90万部突破（※紙本と電子の合算数字。2021年8月現在。）\n2021/08/20  シリーズ累計85万部突破（※紙本と電子の合算数値となります。2021年7月現在。）\n2020/10/13  シリーズ累計65万部突破\n2020/03/24  シリーズ累計60万部突破\n2019/03/**  シリーズ累計50万部突破\n2018/11/**  シリーズ累計45万部\n2018/09/**  累計40万部突破",
      "reprint": "19刷  2020/10/15決定\n**刷  2020/07/16決定"
    }
  },
  {
    "title": "即死チートが最強すぎて、異世界のやつらがまるで相手にならないんですが。",
    "salesValue": 1000000,
    "recordDate": "2022-02-01",
    "salesDesc": "シリーズ累計100万部突破",
    "sourceDesc": "<a href=\"https://twitter.com/comicearthstar/status/1488443168928714755\">コミック アース・スター公式Twitter</a>",
    "isbn": "4803009627",
    "oldData": {
      "sales": "2022/02/01  シリーズ累計100万部突破\n2021/08/04  シリーズ累計85万部突破\n2020/12/07  シリーズ累計65万部突破\n2020/05/12  シリーズ累計45万部突破\n2019/09/05  シリーズ累計30万部突破",
      "reprint": null
    }
  },
  {
    "title": "悠久の愚者アズリーの、賢者のすゝめ",
    "salesValue": 1000000,
    "recordDate": "2022-02-01",
    "salesDesc": "シリーズ累計100万部突破",
    "sourceDesc": "<a href=\"https://twitter.com/comicearthstar/status/1488443590288482304\">コミック アース・スター公式Twitter</a>",
    "isbn": "4803007888",
    "oldData": {
      "sales": "2022/02/01  シリーズ累計100万部突破\n2021/06/04  シリーズ累計80万部突破\n2020/11/11  シリーズ累計60万部突破\n2020/05/12  シリーズ累計50万部突破\n2019/09/11  シリーズ累計35万部突破\n2019/02/**  シリーズ累計24万部突破",
      "reprint": null
    }
  },
  {
    "title": "世界最高の暗殺者、異世界貴族に転生する",
    "salesValue": 1000000,
    "recordDate": "2021-12-23",
    "salesDesc": "シリーズ累計100万部突破※紙本と電子書籍の合算数字となります。2021年10月現在",
    "sourceDesc": "<a href=\"https://twitter.com/samansa007/status/1473695389505441793\">夏川（編集者）Twitter</a>",
    "isbn": "4041079411",
    "oldData": {
      "sales": "2021/12/23  シリーズ累計100万部突破（※紙本と電子書籍の合算数字となります。2021年10月現在）\n2020/07/02  シリーズ累計30万部突破（※紙本と電子書籍の合算数値となります。2020年3月現在）\n2019/11/02  シリーズ累計15万部突破\n2019/04/05  3万部突破（電子含む）",
      "reprint": null
    }
  },
  {
    "title": "最強の鑑定士って誰のこと？　～満腹ごはんで異世界生活～",
    "salesValue": 1000000,
    "recordDate": "2021-09-17",
    "salesDesc": "シリーズ累計100万部突破※2021年9月現在。電子書籍含む",
    "sourceDesc": "<a href=\"https://twitter.com/comibi/status/1438789834915520521\">コミカライズ6巻帯</a>",
    "isbn": "4040724038",
    "oldData": {
      "sales": "2021/09/17  シリーズ累計100万部突破（※2021年9月現在。電子書籍含む）\n2021/02/19  シリーズ累計85万部突破（※2021年3月現在。電子書籍含む）\n2019/09/19  シリーズ累計35万部（※電子書籍を含む）\n2019/03/**  シリーズ累計20万部\n2018/10/**  シリーズ累計15万部突破",
      "reprint": null
    }
  },
  {
    "title": "田舎のホームセンター男の自由な異世界生活",
    "salesValue": 1000000,
    "recordDate": "2021-09-11",
    "salesDesc": "シリーズ累計100万部突破(※電子含む)",
    "sourceDesc": "<a href=\"https://twitter.com/NoKOMan000/status/1436543237401972736\">コミカライズ7巻帯</a>",
    "isbn": "404069466X",
    "oldData": {
      "sales": "2021/09/11  シリーズ累計100万部突破（※電子含む）\n2021/04/24  シリーズ累計80万部突破（※電子含む）",
      "reprint": null
    }
  },
  {
    "title": "ワールド・ティーチャー　異世界式教育エージェント",
    "salesValue": 1000000,
    "recordDate": "2021-08-24",
    "salesDesc": "シリーズ累計(紙+電子)100万部突破",
    "sourceDesc": "コミカライズ9巻帯",
    "isbn": "4865540601",
    "oldData": {
      "sales": "2021/08/24  シリーズ累計(紙+電子)100万部突破\n2021/01/16  シリーズ累計(紙+電子)95万部突破\n2020/07/18  シリーズ累計(紙+電子)85万部突破\n2020/01/21  シリーズ累計(紙+電子)75万部突破\n2019/07/22  シリーズ累計(紙+電子)65万部突破\n2019/01/**  シリーズ累計(紙+電子)55万部突破\n2018/09/**  シリーズ累計40万部突破\n2018/05/**  シリーズ累計35万部突破",
      "reprint": null
    }
  },
  {
    "title": "戦闘員、派遣します！",
    "salesValue": 1000000,
    "recordDate": "2021-07-12",
    "salesDesc": "シリーズ累計100万部突破",
    "sourceDesc": "<a href=\"https://twitter.com/kadokawasneaker/status/1414419242875854848\">スニーカー文庫Twitter</a>",
    "isbn": "4041061105",
    "oldData": {
      "sales": "2021/07/12  シリーズ累計100万部突破\n2019/12/17  累計発行部数25万部突破\n2019/03/27  シリーズ累計15万部突破",
      "reprint": null
    }
  },
  {
    "title": "戦国小町苦労譚",
    "salesValue": 1000000,
    "recordDate": "2021-07-05",
    "salesDesc": "累計100万部突破",
    "sourceDesc": "<a href=\"https://twitter.com/comicearthstar/status/1411887970949292032\">コミック アース・スター公式Twitter</a>",
    "isbn": "4803008590",
    "oldData": {
      "sales": "2021/07/05  累計100万部突破\n2021/04/12  累計80万部突破\n2020/09/10  シリーズ累計65万部突破\n2018/04/**  シリーズ累計15万部突破",
      "reprint": null
    }
  },
  {
    "title": "可愛ければ変態でも好きになってくれますか？",
    "salesValue": 1000000,
    "recordDate": "2021-06-18",
    "salesDesc": "シリーズ累計100万部突破※電子書籍含む",
    "sourceDesc": "<a href=\"https://twitter.com/tomo_hanama/status/1405828663036178437\">原作13巻帯</a>",
    "isbn": "4040690087",
    "oldData": {
      "sales": "2021/06/18  シリーズ累計100万部突破（※電子書籍含む）\n2019/12/05  シリーズ累計75万部突破\n2018/10/**  シリーズ累計32万部突破\n2018/05/**  シリーズ累計21万部突破",
      "reprint": null
    }
  },
  {
    "title": "幼なじみが絶対に負けないラブコメ",
    "salesValue": 1000000,
    "recordDate": "2021-04-28",
    "salesDesc": "シリーズ累計100万部突破",
    "sourceDesc": "animate Times「<a href=\"https://www.animatetimes.com/news/details.php?id=1619585450&amp;utm_source=twitter&amp;utm_medium=social\">『おさまけ』シリーズ累計100万部突破記念「エピソード0」配布キャンペーン開催</a>」",
    "isbn": "4049125242",
    "oldData": {
      "sales": "2021/04/28  シリーズ累計100万部突破\n2021/03/07  シリーズ累計80万部突破\n2020/10/03  シリーズ累計50万部突破\n2020/08/05  シリーズ累計35万部突破\n2020/05/25  シリーズ累計30万部突破\n2020/02/21  シリーズ累計25万部突破\n2020/02/07  累計20万部突破\n2019/11/01  累計10万部突破",
      "reprint": "13刷  2020/06/07決定"
    }
  },
  {
    "title": "野生のラスボスが現れた！",
    "salesValue": 1000000,
    "recordDate": "2021-03-10",
    "salesDesc": "シリーズ累計100万部突破",
    "sourceDesc": "コミカライズ8巻帯",
    "isbn": "4803008728",
    "oldData": {
      "sales": "2021/03/10  シリーズ累計100万部突破\n2020/08/28  シリーズ累計80万部突破\n2019/10/10  シリーズ累計50万部突破\n2018/09/**  シリーズ累計20万部突破",
      "reprint": null
    }
  },
  {
    "title": "絶叫学級 ノベライズ みらい文庫版",
    "salesValue": 1000000,
    "recordDate": "2021-02-26",
    "salesDesc": "ノベライズ『絶叫学級』シリーズ累計100万部突破",
    "sourceDesc": "<a href=\"https://miraibunko.jp/zekkyou_special/\">集英社みらい文庫公式サイト</a>",
    "isbn": "4083210214",
    "oldData": {
      "sales": null,
      "reprint": null
    }
  },
  {
    "title": "陰の実力者になりたくて！",
    "salesValue": 1000000,
    "recordDate": "2021-01-22",
    "salesDesc": "シリーズ累計100万部突破",
    "sourceDesc": "<a href=\"https://www.kadokawa.co.jp/product/321909000343/\">原作4巻あらすじ・内容(KADOKAWA公式サイト)</a>",
    "isbn": "4047353027",
    "oldData": {
      "sales": "2021/01/22  シリーズ累計100万部突破\n2019/06/17  累計15万部突破",
      "reprint": null
    }
  },
  {
    "title": "青鬼",
    "salesValue": 1000000,
    "recordDate": "2020-12-17",
    "salesDesc": "シリーズ累計100万部突破",
    "sourceDesc": "<a href=\"https://twitter.com/kuroken01/status/1339340339170013187\">「沈黙の映画館」帯</a>",
    "isbn": "4569810209",
    "oldData": {
      "sales": "2020/12/17  シリーズ累計100万部突破\n2020/10/29  シリーズ累計90万部突破\n2020/05/13  シリーズ累計80万部突破\n2019/11/20  シリーズ累計74万部突破\n2019/05/17  シリーズ累計70万部突破",
      "reprint": null
    }
  },
  {
    "title": "フェアリーテイル・クロニクル　～空気読まない異世界ライフ～",
    "salesValue": 1000000,
    "recordDate": "2020-10-24",
    "salesDesc": "シリーズ累計100万部突破",
    "sourceDesc": "原作スピンオフ春菜ちゃん、がんばる？3巻帯",
    "isbn": "4040664892",
    "oldData": {
      "sales": "2020/10/24  シリーズ累計100万部突破\n2020/01/24  シリーズ累計90万部突破\n2019/05/25  シリーズ累計85万部突破",
      "reprint": null
    }
  },
  {
    "title": "これは経費で落ちません！　～経理部の森若さん～",
    "salesValue": 1000000,
    "recordDate": "2020-04-20",
    "salesDesc": "シリーズ累計100万部突破",
    "sourceDesc": "原作1～6巻重版帯",
    "isbn": "4086800829",
    "oldData": {
      "sales": "2020/04/20  シリーズ累計100万部突破\n2019/07/23  シリーズ累計70万部突破\n2019/06/25  シリーズ累計50万部突破\n2019/06/01  シリーズ累計45万部突破\n2019/02/**  シリーズ累計40万部突破\n2018/06/**  シリーズ累計35万部突破\n2017/12/**  シリーズ累計25万部突破",
      "reprint": "**刷  2020/03/26決定 ／ 2020/04/20出来"
    }
  },
  {
    "title": "私、能力は平均値でって言ったよね！",
    "salesValue": 1000000,
    "recordDate": "2020-03-02",
    "salesDesc": "シリーズ累計100万部突破",
    "sourceDesc": "アース・スターノベル公式Twitter→原作13巻帯",
    "isbn": "4803009228",
    "oldData": {
      "sales": "2020/03/02  シリーズ累計100万部突破\n2019/08/31  シリーズ累計80万部突破\n2019/03/**  累計55万部突破\n2018/11/**  累計50万部突破\n2018/07/**  累計40万部突破",
      "reprint": null
    }
  },
  {
    "title": "村人ですが何か？",
    "salesValue": 1000000,
    "recordDate": "2020-02-28",
    "salesDesc": "シリーズ累計100万部突破",
    "sourceDesc": "原作7巻帯",
    "isbn": "4896375920",
    "oldData": {
      "sales": "2020/02/28  シリーズ累計100万部突破\n2019/10/18  シリーズ累計80万部突破\n2019/07/22  シリーズ累計50万部突破",
      "reprint": null
    }
  },
  {
    "title": "俺を好きなのはお前だけかよ",
    "salesValue": 1000000,
    "recordDate": "2019-10-10",
    "salesDesc": "シリーズ累計100万部突破",
    "sourceDesc": "原作12巻帯",
    "isbn": "404865747X",
    "oldData": {
      "sales": "2019/10/10  シリーズ累計100万部突破",
      "reprint": null
    }
  },
  {
    "title": "超人高校生たちは異世界でも余裕で生き抜くようです！",
    "salesValue": 1000000,
    "recordDate": "2019-09-06",
    "salesDesc": "シリーズ累計100万部突破",
    "sourceDesc": "株式会社ハピネットプレリリース(2019/9/6)、コミカライズ8巻帯",
    "isbn": "4797396253",
    "oldData": {
      "sales": "2019/09/06  シリーズ累計100万部突破\n2019/03/**  シリーズ累計80万部突破\n2018/06/**  シリーズ累計60万部突破",
      "reprint": null
    }
  },
  {
    "title": "階段島シリーズ",
    "salesValue": 1000000,
    "recordDate": "2019-08-05",
    "salesDesc": "シリーズ累計100万部突破",
    "sourceDesc": "新潮文庫nex公式Twitter",
    "isbn": "4101800049",
    "oldData": {
      "sales": "2019/08/05  シリーズ累計100万部突破\n2019/06/06  90万部突破\n2019/06/05  シリーズ累計85万部\n2019/03/**  シリーズ累計80万部\n2018/02/**  シリーズ累計70万部突破",
      "reprint": null
    }
  },
  {
    "title": "トリニティ・ブラッド",
    "salesValue": 1000000,
    "recordDate": "2018-10-31",
    "salesDesc": "シリーズ累計100万部超",
    "sourceDesc": "ザ・スニーカーLEGEND",
    "isbn": "4044184046",
    "oldData": {
      "sales": null,
      "reprint": null
    }
  },
  {
    "title": "ゲーマーズ！",
    "salesValue": 1000000,
    "recordDate": "2018-07",
    "salesDesc": "シリーズ累計100万部突破",
    "sourceDesc": "原作6巻重版帯",
    "isbn": "4040705335",
    "oldData": {
      "sales": "2018/07/**  シリーズ累計100万部突破",
      "reprint": null
    }
  },
  {
    "title": "ドクムシ",
    "salesValue": 1000000,
    "recordDate": "2018-03-22",
    "salesDesc": "シリーズ累計100万部突破(電子含む)",
    "sourceDesc": "コミカライズ「The Ruins Hotel」1巻帯",
    "isbn": "4575848549",
    "oldData": {
      "sales": null,
      "reprint": null
    }
  },
  {
    "title": "のうりん",
    "salesValue": 1000000,
    "recordDate": "2015-09",
    "salesDesc": "シリーズ累計100万部突破",
    "sourceDesc": "原作11巻帯",
    "isbn": "4797366907",
    "oldData": {
      "sales": "2015/09/**  シリーズ累計100万部突破\n2014/01/15  シリーズ累計50万部突破",
      "reprint": null
    }
  },
  {
    "title": "聖剣使いの禁呪詠唱",
    "salesValue": 1000000,
    "recordDate": "2015-06",
    "salesDesc": "シリーズ累計100万部突破",
    "sourceDesc": "原作12巻帯",
    "isbn": "4797371951",
    "oldData": {
      "sales": "2015/06/**  シリーズ累計100万部突破",
      "reprint": null
    }
  },
  {
    "title": "織田信奈の野望",
    "salesValue": 1000000,
    "recordDate": "2012-07-30",
    "salesDesc": "累計発行部数100万部突破",
    "sourceDesc": "SBクリエイティブプレリリース",
    "isbn": "479735450X",
    "oldData": {
      "sales": "2012/07/30  累計発行部数100万部突破",
      "reprint": null
    }
  },
  {
    "title": "這いよれ！ニャル子さん",
    "salesValue": 1000000,
    "recordDate": "2012-05-10",
    "salesDesc": "累計発行部数100万部突破",
    "sourceDesc": "SBクリエイティブプレリリース",
    "isbn": "4797354143",
    "oldData": {
      "sales": "2012/05/10  累計発行部数100万部突破",
      "reprint": null
    }
  },
  {
    "title": "勿論、慰謝料請求いたします！",
    "salesValue": 1000000,
    "recordDate": "2021-12-05",
    "salesDesc": "シリーズ累計100万部※2021年12月現在。紙と電子の合算数字です。",
    "sourceDesc": "<a href=\"https://twitter.com/mutotamu/status/1467458289957220357\">コミカライズ5巻帯</a>",
    "isbn": "4047352896",
    "oldData": {
      "sales": "2021/12/05  シリーズ累計100万部（※2021年12月現在。紙と電子の合算数字です。）",
      "reprint": "**刷  ****/**/**決定 ／ 2020/10/08出来"
    }
  },
  {
    "title": "天命探偵シリーズ",
    "salesValue": 950000,
    "recordDate": "2021-01-28",
    "salesDesc": "累計95万部突破",
    "sourceDesc": "<a href=\"https://twitter.com/ykm_info/status/1354602516806201344\">原作「アトラス　―天命探偵 Next Gear―」帯</a>",
    "isbn": "4103066016",
    "oldData": {
      "sales": null,
      "reprint": null
    }
  },
  {
    "title": "ブラック・ブレット",
    "salesValue": 950000,
    "recordDate": "2014-07-31",
    "salesDesc": "累計95万部",
    "sourceDesc": "KADOKAWAニュースリリース",
    "isbn": "4048705962",
    "oldData": {
      "sales": "2014/07/31  累計95万部\n2014/01/06  シリーズ累計49万部",
      "reprint": null
    }
  },
  {
    "title": "茉莉花官吏伝",
    "salesValue": 900000,
    "recordDate": "2022-03-15",
    "salesDesc": "シリーズ累計90万部超",
    "sourceDesc": "<a href=\"https://twitter.com/ishidarinne/status/1503674999349342211\">コミカライズ5巻帯</a>",
    "isbn": "4047347043",
    "oldData": {
      "sales": "2022/03/15  シリーズ累計90万部超\n2021/04/30  シリーズ累計60万部突破",
      "reprint": "**刷  2019/11/05決定"
    }
  },
  {
    "title": "転生貴族、鑑定スキルで成り上がる　～弱小領地を受け継いだので、優秀な人材を増やしていたら、最強領地になってた～",
    "salesValue": 900000,
    "recordDate": "2022-02-09",
    "salesDesc": "累計90万部突破(電子含む)",
    "sourceDesc": "コミカライズ6巻帯",
    "isbn": "4065204224",
    "oldData": {
      "sales": "2022/02/09  累計90万部突破（電子含む）\n2021/11/09  累計45万部突破（電子含む）\n2021/10/06  累計40万部突破\n2021/08/06  累計35万部突破\n2021/05/07  累計20万部突破",
      "reprint": null
    }
  },
  {
    "title": "詐騎士",
    "salesValue": 900000,
    "recordDate": "2021-11-29",
    "salesDesc": "シリーズ累計90万部突破(電子含む)",
    "sourceDesc": "<a href=\"https://www.amazon.co.jp/dp/4434296361\">コミカライズ10巻帯</a>",
    "isbn": "4434154397",
    "oldData": {
      "sales": null,
      "reprint": null
    }
  },
  {
    "title": "溺あま御曹司は甘ふわ女子にご執心",
    "salesValue": 900000,
    "recordDate": "2021-11-19",
    "salesDesc": "累計90万部突破",
    "sourceDesc": "<a href=\"https://twitter.com/BerrysCafe_edit/status/1461545225793327104\">Berry'sCafe編集部Twitter</a>",
    "isbn": "481370333X",
    "oldData": {
      "sales": "2021/11/19  累計90万部突破",
      "reprint": null
    }
  },
  {
    "title": "俺の現実は恋愛ゲーム??　～かと思ったら命がけのゲームだった～",
    "salesValue": 900000,
    "recordDate": "2021-08-11",
    "salesDesc": "累計90万部突破",
    "sourceDesc": "コミカライズ12巻帯",
    "isbn": "4047358185",
    "oldData": {
      "sales": "2021/08/11  累計90万部突破\n2021/04/07  累計80万部突破\n2020/04/11  シリーズ累計50万部突破\n2019/09/27  シリーズ累計35万部突破",
      "reprint": null
    }
  },
  {
    "title": "魔技科の剣士と召喚魔王",
    "salesValue": 900000,
    "recordDate": "2021-04-23",
    "salesDesc": "コミカライズ累計90万部突破(電子含む)",
    "sourceDesc": "コミックス15巻帯",
    "isbn": "4840151628",
    "oldData": {
      "sales": "2021/04/23  コミカライズ累計90万部突破（電子含む）\n2020/08/27  コミカライズ累計80万部突破（紙＆電子）\n2019/12/23  コミックス累計70万部突破",
      "reprint": null
    }
  },
  {
    "title": "怪盗探偵山猫",
    "salesValue": 900000,
    "recordDate": "2018-10",
    "salesDesc": "シリーズ累計90万部突破",
    "sourceDesc": "文庫版月下の三猿帯",
    "isbn": "4043887078",
    "oldData": {
      "sales": "2018/10/**  シリーズ累計90万部突破",
      "reprint": null
    }
  },
  {
    "title": "地味な剣聖はそれでも最強です",
    "salesValue": 880000,
    "recordDate": "2022-04-22",
    "salesDesc": "シリーズ累計88万部突破",
    "sourceDesc": "<a href=\"https://twitter.com/pashcomics/status/1517387813095821313\">コミカライズ7巻帯</a>",
    "isbn": "4391151472",
    "oldData": {
      "sales": "2022/04/22  シリーズ累計88万部突破\n2021/09/18  シリーズ累計75万部突破\n2021/03/01  シリーズ累計50万部突破\n2020/08/05  シリーズ累計32万部突破\n2020/01/30  シリーズ累計20万部突破",
      "reprint": null
    }
  },
  {
    "title": "さようなら竜生、こんにちは人生",
    "salesValue": 870000,
    "recordDate": "2022-03-23",
    "salesDesc": "シリーズ累計87万部(電子含む)",
    "sourceDesc": "<a href=\"https://www.amazon.co.jp/dp/4434300970\">コミカライズ8巻帯</a>",
    "isbn": "4434204262",
    "oldData": {
      "sales": "2022/03/23  シリーズ累計87万部（電子含む）\n2021/12/15  シリーズ累計82万部（電子含む）\n2021/08/23  シリーズ累計80万部（電子含む）\n2021/07/20  シリーズ累計77万部（電子含む）\n2021/02/17  シリーズ累計73万部（電子含む）\n2020/12/18  シリーズ累計70万部（電子含む）\n2020/06/24  シリーズ累計65万部突破（電子含む）\n2020/06/03  シリーズ累計60万部（電子含む）\n2019/12/20  シリーズ累計46万部\n2019/12/19  シリーズ累計45万部\n2019/09/20  シリーズ累計42万部\n2019/05/24  シリーズ累計41万部\n2018/12/**  シリーズ累計40万部\n2018/10/**  シリーズ累計35万部\n2018/06/**  累計33万部\n2018/02/**  累計32万部",
      "reprint": null
    }
  },
  {
    "title": "探偵はもう、死んでいる。",
    "salesValue": 850000,
    "recordDate": "2021-11-18",
    "salesDesc": "シリーズ累計85万部突破",
    "sourceDesc": "<a href=\"https://twitter.com/tanteiwamou_/status/1461288072142860300\">『探偵はもう、死んでいる。』公式Twitter</a>",
    "isbn": "4040641965",
    "oldData": {
      "sales": "2021/11/18  シリーズ累計85万部突破\n2021/08/04  シリーズ累計70万部突破\n2021/05/21  シリーズ累計50万部突破\n2021/02/20  シリーズ累計30万部突破（※コミックス・電子書籍含む。2021年2月時点。）\n2020/11/24  シリーズ累計25万部突破\n2020/10/06  シリーズ累計15万部突破\n2020/04/01  累計10万部突破\n2020/02/29  1巻5万部突破",
      "reprint": "**刷  2020/11/11決定\n**刷  2020/04/01決定\n*6刷  2020/02/29決定\n*5刷  2020/01/27決定 ／ 2020/02/上旬～中旬出来\n*4刷  2020/01/10決定\n*3刷  2019/12/20決定\n*2刷  2019/11/29決定 ／ 2019/12/中旬出来"
    }
  },
  {
    "title": "神眼の勇者",
    "salesValue": 850000,
    "recordDate": "2021-11-17",
    "salesDesc": "シリーズ累計85万部突破",
    "sourceDesc": "<a href=\"https://twitter.com/monster_futaba/status/1460837987596472324\">コミカライズ9巻帯</a>",
    "isbn": "4575750298",
    "oldData": {
      "sales": "2021/11/17  シリーズ累計85万部突破\n2020/11/24  シリーズ累計80万部突破\n2020/05/30  シリーズ累計50万部突破\n2019/11/27  シリーズ累計45万部突破\n2019/05/29  シリーズ累計40万部突破\n2018/11/**  シリーズ累計30万部突破",
      "reprint": null
    }
  },
  {
    "title": "僕僕先生",
    "salesValue": 850000,
    "recordDate": "2020-12-29",
    "salesDesc": "シリーズ累計85万部突破",
    "sourceDesc": "原作「神仙の告白　旅路の果てに」帯",
    "isbn": "4101374317",
    "oldData": {
      "sales": "2020/12/29  シリーズ累計85万部突破",
      "reprint": null
    }
  },
  {
    "title": "探偵・日暮旅人",
    "salesValue": 850000,
    "recordDate": "2017-10-02",
    "salesDesc": "シリーズ累計85万部",
    "sourceDesc": "KADOKAWAニュースリリース",
    "isbn": "4048689304",
    "oldData": {
      "sales": "2017/10/02  シリーズ累計85万部",
      "reprint": null
    }
  },
  {
    "title": "我が家のお稲荷さま。",
    "salesValue": 820000,
    "recordDate": "2015-10-04",
    "salesDesc": "累計82万部突破",
    "sourceDesc": "電撃文庫総合目録2015",
    "isbn": "4840226113",
    "oldData": {
      "sales": null,
      "reprint": null
    }
  },
  {
    "title": "ミカグラ学園組曲",
    "salesValue": 820000,
    "recordDate": "2015-04",
    "salesDesc": "シリーズ累計82万部突破",
    "sourceDesc": "YouTubeアニメ予告のイントロダクション",
    "isbn": "484015256X",
    "oldData": {
      "sales": "2015/04/**  シリーズ累計82万部突破",
      "reprint": null
    }
  },
  {
    "title": "ティアムーン帝国物語　～断頭台から始まる、姫の転生逆転ストーリー～",
    "salesValue": 800000,
    "recordDate": "2022-04-28",
    "salesDesc": "シリーズ累計80万部突破(紙+電子)",
    "sourceDesc": "<a href=\"https://twitter.com/TOBOOKS/status/1519640129262202888\">原作10巻帯</a>",
    "isbn": "4864728151",
    "oldData": {
      "sales": "2022/04/28  シリーズ累計80万部突破（紙+電子）\n2022/02/22  シリーズ累計65万部突破\n2021/12/24  シリーズ累計60万部突破（紙+電子）\n2021/08/30  シリーズ累計55万部突破（紙+電子）\n2021/07/04  シリーズ累計45万部突破（紙+電子）\n2021/02/25  シリーズ累計35万部突破（紙+電子）\n2020/12/25  シリーズ累計30万部突破（紙+電子）\n2020/09/04  シリーズ累計25万部突破（電子書籍含む）\n2020/07/07  累計15万部突破（電子書籍を含む）\n2020/05/03  累計10万部突破（電子書籍を含む）",
      "reprint": "**刷  ****/**/**決定 ／ 2020/11/12出来\n*3刷  ****/**/**決定 ／ 2020/06/10出来\n*2刷  2020/01/20決定"
    }
  },
  {
    "title": "異世界に飛ばされたおっさんは何処へ行く？",
    "salesValue": 800000,
    "recordDate": "2022-04-18",
    "salesDesc": "シリーズ累計80万部突破(電子含む)",
    "sourceDesc": "<a href=\"https://www.amazon.co.jp/dp/4434302256\">原作13巻帯</a>",
    "isbn": "443423594X",
    "oldData": {
      "sales": "2022/04/18  シリーズ累計80万部突破（電子含む）\n2022/01/20  シリーズ累計78万部突破（電子含む）\n2021/11/19  70万部突破（電子含む）\n2021/07/19  69万部突破（電子含む）\n2021/01/19  55万部突破（電子含む）\n2020/08/24  シリーズ累計50万部達成直前（※紙・電子書籍合算）\n2020/06/23  シリーズ累計42万部突破（電子含む）\n2020/01/25  シリーズ累計30万部\n2019/11/19  27万部突破\n2019/07/23  シリーズ累計25万部超\n2019/06/20  20万部突破\n2019/02/**  19万部突破\n2018/09/**  13万部突破\n2018/07/**  シリーズ累計9万部\n2018/06/**  累計7万部突破\n2018/03/**  シリーズ累計5万部突破",
      "reprint": null
    }
  },
  {
    "title": "解雇された暗黒兵士（30代）のスローなセカンドライフ",
    "salesValue": 800000,
    "recordDate": "2022-03-18",
    "salesDesc": "累計80万部突破",
    "sourceDesc": "コミカライズ6巻帯",
    "isbn": "4065160308",
    "oldData": {
      "sales": "2022/03/18  累計80万部突破\n2021/11/18  60万部突破（電子含む累計）\n2021/06/17  累計40万部突破（電子含む）\n2021/05/20  累計35万部突破（電子含む）\n2021/04/06  累計部数30万部突破（※電子含む）\n2021/01/05  累計部数25万部突破（電子含む）\n2020/08/21  累計部数10万部突破（電子含む）",
      "reprint": null
    }
  },
  {
    "title": "余命10年",
    "salesValue": 800000,
    "recordDate": "2022-03-18",
    "salesDesc": "80万部突破",
    "sourceDesc": "<a href=\"https://twitter.com/BungeishaNEO/status/1504653831749226496\">文芸社文庫NEOTwitter</a>",
    "isbn": "4286184927",
    "oldData": {
      "sales": "2022/03/18  80万部突破\n2022/02/08  67万部突破\n2021/09/27  50万部突破\n2021/06/16  47万部",
      "reprint": null
    }
  },
  {
    "title": "農民関連のスキルばっか上げてたら何故か強くなった。",
    "salesValue": 800000,
    "recordDate": "2022-02-26",
    "salesDesc": "80万部突破",
    "sourceDesc": "コミカライズ8巻帯",
    "isbn": "4575751278",
    "oldData": {
      "sales": "2022/02/26  80万部突破\n2021/07/15  累計70万部突破\n2020/12/26  累計60万部突破\n2020/06/26  累計40万部突破\n2019/12/27  累計25万部突破（電子+紙）",
      "reprint": null
    }
  },
  {
    "title": "おかしな転生",
    "salesValue": 800000,
    "recordDate": "2022-02-25",
    "salesDesc": "シリーズ累計80万部突破",
    "sourceDesc": "<a href=\"https://twitter.com/TOBOOKS/status/1497056287497981952\">TOブックスTwitter</a>",
    "isbn": "4864724288",
    "oldData": {
      "sales": "2022/02/25  シリーズ累計80万部突破\n2021/11/30  シリーズ累計65万部突破（電子書籍含む）\n2021/06/07  シリーズ累計60万部突破（電子書籍含む）\n2020/10/26  シリーズ累計50万部突破（電子書籍含む）\n2020/09/19  シリーズ累計45万部突破（電子書籍も含む）\n2019/11/25  シリーズ累計40万部突破（電子書籍含む）\n2019/06/29  シリーズ累計20万部突破\n2018/11/**  シリーズ累計13万部突破\n2018/07/**  シリーズ累計10万部",
      "reprint": null
    }
  },
  {
    "title": "妹に婚約者を譲れと言われました　最強の竜に気に入られてまさかの王国乗っ取り？",
    "salesValue": 800000,
    "recordDate": "2022-02-17",
    "salesDesc": "シリーズ累計80万部突破※紙本と電子書籍の合算数字となります。2022年2月現在。",
    "sourceDesc": "<a href=\"https://twitter.com/comibi/status/1494235178385899523\">コミカライズ5巻帯</a>",
    "isbn": "4041079942",
    "oldData": {
      "sales": "2022/02/17  シリーズ累計80万部突破（※紙本と電子書籍の合算数字となります。2022年2月現在。）\n2021/05/21  シリーズ累計40万部突破（※紙本と電子書籍の合算数字となります。2021年4月現在。）",
      "reprint": null
    }
  },
  {
    "title": "ふつつかな悪女ではございますが　～雛宮蝶鼠とりかえ伝～",
    "salesValue": 800000,
    "recordDate": "2022-02-04",
    "salesDesc": "シリーズ累計80万部突破(電子含む)",
    "sourceDesc": "<a href=\"https://twitter.com/comic_zerosum/status/1489526540367200257\">ゼロサム編集部Twitter</a>",
    "isbn": "4758093237",
    "oldData": {
      "sales": "2022/02/04  シリーズ累計80万部突破（電子含む）\n2021/11/26  累計25万部突破（電子含む）\n2021/08/10  累計15万部突破（電子含む）",
      "reprint": null
    }
  },
  {
    "title": "悲劇の元凶となる最強外道ラスボス女王は民の為に尽くします。",
    "salesValue": 800000,
    "recordDate": "2022-01-19",
    "salesDesc": "シリーズ累計80万部突破(電子書籍含む)",
    "sourceDesc": "<a href=\"https://twitter.com/comic_zerosum/status/1483693318919770113\">コミカライズ1・2巻重版帯</a>",
    "isbn": "4758091773",
    "oldData": {
      "sales": "2022/01/19  シリーズ累計80万部突破（電子書籍含む）\n2021/04/28  シリーズ累計50万部突破（電子書籍含む）",
      "reprint": null
    }
  },
  {
    "title": "史上最強オークさんの楽しい種付けハーレムづくり",
    "salesValue": 800000,
    "recordDate": "2022-01-10",
    "salesDesc": "80万部突破",
    "sourceDesc": "<a href=\"https://www.shogakukan.co.jp/books/09850890\">コミカライズ8巻あらすじ・内容</a>",
    "isbn": "4094517987",
    "oldData": {
      "sales": "2022/01/10  80万部突破\n2021/10/13  シリーズ70万部突破（※電子書籍含む）\n2021/08/18  シリーズ累計60万部突破（※電子書籍含む）\n2021/03/07  シリーズ累計50万部突破\n2020/10/18  シリーズ累計40万部突破（※コミックス・電子含む）\n2020/07/17  シリーズ累計30万部突破（※電子書籍含む）\n2020/04/17  シリーズ累計20万部突破（※コミックス・電子含む）\n2020/03/20  シリーズ累計15万部突破（※電子書籍含む）\n2020/01/20  シリーズ累計10万部突破\n2019/11/26  シリーズ累計7万部突破（※コミックス・電子書籍含む）",
      "reprint": "**刷  2020/03/05決定"
    }
  },
  {
    "title": "豚公爵に転生したから、今度は君に好きと言いたい",
    "salesValue": 800000,
    "recordDate": "2021-12-23",
    "salesDesc": "シリーズ累計80万部突破",
    "sourceDesc": "株式会社KADOKAWAプレスリリース「<a href=\"https://prtimes.jp/main/html/rd/p/000009807.000007006.html\">声優・松岡禎丞による“朗読”ボイスコミック動画を公開！ シリーズ累計80万部突破『豚公爵に転生したから、今度は君に好きと言いたい』コミックス6巻12月23日（木）発売＆期間限定無料配信中</a>」",
    "isbn": "4040722280",
    "oldData": {
      "sales": "2021/12/23  シリーズ累計80万部突破",
      "reprint": null
    }
  },
  {
    "title": "ハズレ枠の【状態異常スキル】で最強になった俺がすべてを蹂躙するまで",
    "salesValue": 800000,
    "recordDate": "2021-11-22",
    "salesDesc": "シリーズ累計(紙+電子)80万部突破",
    "sourceDesc": "原作8巻帯",
    "isbn": "4865543724",
    "oldData": {
      "sales": "2021/11/22  シリーズ累計(紙+電子)80万部突破\n2021/05/24  シリーズ累計(紙+電子)60万部突破\n2020/12/06  コミックス3巻までで累計25万部突破",
      "reprint": "**刷  2020/05/20決定\n**刷  2019/10/10決定\n**刷  2019/02/13決定"
    }
  },
  {
    "title": "なんちゃってシンデレラ",
    "salesValue": 800000,
    "recordDate": "2021-11-18",
    "salesDesc": "シリーズ累計80万部突破※紙と電子の合算数字。2021年10月現在",
    "sourceDesc": "<a href=\"https://twitter.com/comibi/status/1461257877205618691\">コミカライズ5巻帯</a>",
    "isbn": "4047343269",
    "oldData": {
      "sales": "2021/11/18  シリーズ累計80万部突破（※紙と電子の合算数字。2021年10月現在）\n2020/10/23  シリーズ累計70万部突破\n2018/11/15  シリーズ累計30万部突破（※電子DL分含む）",
      "reprint": null
    }
  },
  {
    "title": "マリエル・クララックの婚約",
    "salesValue": 800000,
    "recordDate": "2021-09-28",
    "salesDesc": "シリーズ累計80万部突破(電子含む)",
    "sourceDesc": "<a href=\"https://twitter.com/mofuneko3nyan/status/1442811396496912386\">コミカライズ5巻帯</a>",
    "isbn": "4758049254",
    "oldData": {
      "sales": "2021/09/28  シリーズ累計80万部突破（電子含む）",
      "reprint": null
    }
  },
  {
    "title": "自称！平凡魔族の英雄ライフ",
    "salesValue": 800000,
    "recordDate": "2021-09-10",
    "salesDesc": "シリーズ累計80万部突破",
    "sourceDesc": "<a href=\"https://twitter.com/amauisiroichi/status/1436167902143475725\">作者Twitter</a>",
    "isbn": "4063650235",
    "oldData": {
      "sales": "2021/09/10  シリーズ累計80万部突破\n2021/08/26  シリーズ累計78万部\n2021/01/21  シリーズ累計65万部\n2020/09/04  シリーズ累計55万部突破\n2020/08/20  シリーズ累計53万部突破\n2020/03/02  シリーズ累計35万部突破\n2020/01/06  シリーズ累計30万部\n2019/11/03  シリーズ累計24万部\n2019/10/07  シリーズ累計23万部\n2019/08/23  シリーズ累計20万部突破",
      "reprint": null
    }
  },
  {
    "title": "チート薬師のスローライフ",
    "salesValue": 800000,
    "recordDate": "2021-07-07",
    "salesDesc": "累計部数80万部突破(電子、漫画、小説を含み)",
    "sourceDesc": "株式会社ハピネットプレリリース「<a href=\"https://prtimes.jp/main/html/rd/p/000000691.000031422.html\">TVアニメ 「チート薬師のスローライフ～異世界に作ろうドラッグストア～」 Blu-ray BOX 10月15日（金）発売決定！</a>」",
    "isbn": "4891994924",
    "oldData": {
      "sales": "2021/07/07  累計部数80万部突破（電子、漫画、小説を含み）",
      "reprint": null
    }
  },
  {
    "title": "竜騎士のお気に入り",
    "salesValue": 800000,
    "recordDate": "2021-06-23",
    "salesDesc": "シリーズ累計80万部突破",
    "sourceDesc": "<a href=\"https://twitter.com/comic_zerosum/status/1407595123056119811\">コミカライズ1、2巻重版帯</a>",
    "isbn": "4758049068",
    "oldData": {
      "sales": "2021/06/23  シリーズ累計80万部突破",
      "reprint": null
    }
  },
  {
    "title": "浅草鬼嫁日記",
    "salesValue": 800000,
    "recordDate": "2021-06-22",
    "salesDesc": "シリーズ80万部突破※紙本と電子書籍の合算数字となります。2021年5月現在。",
    "sourceDesc": "<a href=\"https://twitter.com/comibi/status/1407262079988473858\">コミカライズ6巻帯</a>",
    "isbn": "4040721055",
    "oldData": {
      "sales": "2021/06/22  シリーズ80万部突破（※紙本と電子書籍の合算数字となります。2021年5月現在。）\n2020/07/21  シリーズ75万部突破（※紙本と電子書籍の合算数値となります。2020年6月現在。）\n2020/04/21  シリーズ累計70万部突破（※紙本と電子書籍の合算数値となります。2020年3月現在。）\n2020/03/07  シリーズ累計55万部突破（※紙本と電子書籍の合算数値となります。2020年3月現在。）\n2019/09/11  シリーズ累計50万部突破\n2019/02/**  シリーズ35万部突破\n2018/08/**  シリーズ20万部突破",
      "reprint": "21刷  2020/11/16決定\n20刷  2020/09/07決定\n19刷  2020/08/20決定"
    }
  },
  {
    "title": "宝石商リチャード氏の謎鑑定",
    "salesValue": 800000,
    "recordDate": "2021-06-14",
    "salesDesc": "シリーズ累計80万部突破",
    "sourceDesc": "<a href=\"https://twitter.com/orangebunko/status/1404376827750092800\">原作「エメラルドは踊る」重版帯</a>",
    "isbn": "4086800543",
    "oldData": {
      "sales": "2021/06/14  シリーズ累計80万部突破\n2020/06/19  シリーズ累計70万部突破\n2020/01/09  累計60万部\n2019/08/08  シリーズ累計40万部\n2018/12/**  シリーズ累計30万部突破\n2018/06/**  シリーズ累計25万部突破",
      "reprint": "**刷  2019/12/12決定\n**刷  2019/11/18決定"
    }
  },
  {
    "title": "暗殺者である俺のステータスが勇者よりも明らかに強いのだが",
    "salesValue": 800000,
    "recordDate": "2021-02-20",
    "salesDesc": "シリーズ累計(紙+電子)80万部突破",
    "sourceDesc": "原作4巻帯",
    "isbn": "4865542809",
    "oldData": {
      "sales": "2021/02/20  シリーズ累計(紙+電子)80万部突破\n2020/05/20  シリーズ累計(紙+電子)50万部突破",
      "reprint": "**刷  2019/12/13決定\n**刷  2019/07/05決定"
    }
  },
  {
    "title": "世界の終わりの世界録",
    "salesValue": 800000,
    "recordDate": "2021-01-16",
    "salesDesc": "シリーズ累計80万部突破",
    "sourceDesc": "<a href=\"https://twitter.com/kami_to_game/status/1350405134006714368\">『神は遊戯（ゲーム）に飢えている。』公式Twitter</a>",
    "isbn": "4040669223",
    "oldData": {
      "sales": "2021/01/16  シリーズ累計80万部突破\n2018/12/**  シリーズ累計50万部突破",
      "reprint": null
    }
  },
  {
    "title": "宮廷神官物語",
    "salesValue": 800000,
    "recordDate": "2020-06-10",
    "salesDesc": "シリーズ累計80万部突破",
    "sourceDesc": "角川文庫版11巻帯",
    "isbn": "4044491046",
    "oldData": {
      "sales": null,
      "reprint": null
    }
  },
  {
    "title": "通常攻撃が全体攻撃で二回攻撃のお母さんは好きですか？",
    "salesValue": 800000,
    "recordDate": "2019-12-20",
    "salesDesc": "シリーズ累計80万部突破(※紙本と電子書籍の合計数字となります。2019年12月現在。)",
    "sourceDesc": "原作10巻帯",
    "isbn": "4040722035",
    "oldData": {
      "sales": "2019/12/20  シリーズ累計80万部突破（※紙本と電子書籍の合計数字となります。2019年12月現在。）\n2018/01/**  シリーズ累計25万部突破",
      "reprint": null
    }
  },
  {
    "title": "俺の脳内選択肢が、学園ラブコメを全力で邪魔している",
    "salesValue": 800000,
    "recordDate": "2018-10-31",
    "salesDesc": "シリーズ累計80万部超",
    "sourceDesc": "ザ・スニーカーLEGEND",
    "isbn": "4041001811",
    "oldData": {
      "sales": "2018/10/31  シリーズ累計80万部超",
      "reprint": null
    }
  },
  {
    "title": "また、同じ夢を見ていた",
    "salesValue": 800000,
    "recordDate": "2018-07",
    "salesDesc": "累計80万部突破",
    "sourceDesc": "文庫版帯",
    "isbn": "4575239453",
    "oldData": {
      "sales": "2018/07/**  累計80万部突破",
      "reprint": "40刷  2020/07/02決定"
    }
  },
  {
    "title": "今度は絶対に邪魔しませんっ！",
    "salesValue": 800000,
    "recordDate": "2021-03-19",
    "salesDesc": "シリーズ累計80万部(紙＆電子書籍)",
    "sourceDesc": "<a href=\"https://twitter.com/comic_boost/status/1372787714550951936\">コミカライズ3巻帯</a>",
    "isbn": "4344844289",
    "oldData": {
      "sales": "2021/03/19  シリーズ累計80万部（紙＆電子書籍）\n2020/02/25  シリーズ累計20万部（紙＆電子書籍）",
      "reprint": "**刷  2020/04/24決定"
    }
  },
  {
    "title": "異世界転生騒動記",
    "salesValue": 780000,
    "recordDate": "2021-12-16",
    "salesDesc": "シリーズ累計78万部(電子含む)",
    "sourceDesc": "<a href=\"https://www.amazon.co.jp/dp/4434297392\">コミカライズ9巻帯</a>",
    "isbn": "4434189670",
    "oldData": {
      "sales": "2021/12/16  シリーズ累計78万部（電子含む）\n2021/04/20  シリーズ累計71万部（電子含む）\n2020/07/22  シリーズ累計64万部（電子含む）\n2019/10/24  シリーズ累計42万部\n2019/02/**  累計40万部\n2018/08/**  累計36万部突破\n2018/03/**  累計31万部突破",
      "reprint": null
    }
  },
  {
    "title": "ねじ巻き精霊戦記 天鏡のアル デラミン",
    "salesValue": 780000,
    "recordDate": "2017-03-12",
    "salesDesc": "シリーズ累計78万部",
    "sourceDesc": "KADOKAWAニュースリリース",
    "isbn": "4048865595",
    "oldData": {
      "sales": "2017/03/12  シリーズ累計78万部",
      "reprint": null
    }
  },
  {
    "title": "淡海乃海 水面が揺れる時　～三英傑に嫌われた不運な男、朽木基綱の逆襲～",
    "salesValue": 750000,
    "recordDate": "2022-04-28",
    "salesDesc": "シリーズ累計75万部突破(電子書籍含む)",
    "sourceDesc": "<a href=\"https://twitter.com/TOBOOKS/status/1519605467030253570\">原作「異伝　淡海乃海～羽林、乱世を翔る～」3巻帯</a>",
    "isbn": "4864726272",
    "oldData": {
      "sales": "2022/04/28  シリーズ累計75万部突破（電子書籍含む）\n2022/02/21  シリーズ累計70万部突破（電子書籍を含む）\n2021/11/08  シリーズ累計65万部突破（電子書籍を含む）\n2021/06/07  シリーズ累計50万部突破（電子書籍を含む）\n2021/03/20  シリーズ累計45万部突破（電子書籍を含む）\n2021/01/13  シリーズ累計40万部突破（電子書籍を含む）\n2020/08/16  シリーズ累計30万部突破（電子書籍を含む）\n2020/06/27  シリーズ累計25万部突破（電子書籍を含む）\n2020/05/31  シリーズ累計23万部突破（電子書籍を含む）\n2020/05/03  シリーズ累計22万部突破（電子書籍を含む）\n2020/02/26  シリーズ累計20万部突破（電子書籍を含む）\n2019/06/29  シリーズ累計10万部突破",
      "reprint": null
    }
  },
  {
    "title": "俺の家が魔力スポットだった件　～住んでいるだけで世界最強～",
    "salesValue": 750000,
    "recordDate": "2022-04-14",
    "salesDesc": "シリーズ累計75万部突破",
    "sourceDesc": "<a href=\"https://twitter.com/dx_bunko/status/1514556259647000583\">コミカライズ12巻帯</a>",
    "isbn": "4086311232",
    "oldData": {
      "sales": "2022/04/14  シリーズ累計75万部突破\n2021/12/14  シリーズ累計65万部突破\n2021/08/17  シリーズ累計60万部突破\n2021/05/11  シリーズ累計55万部突破\n2021/01/16  シリーズ累計50万部突破\n2020/08/15  シリーズ累計45万部突破\n2020/04/16  シリーズ累計40万部突破\n2019/12/16  シリーズ累計30万部突破\n2019/08/19  シリーズ累計25万部突破\n2019/04/20  シリーズ累計20万部突破",
      "reprint": null
    }
  },
  {
    "title": "塔の管理をしてみよう",
    "salesValue": 750000,
    "recordDate": "2022-03-21",
    "salesDesc": "シリーズ累計75万部突破",
    "sourceDesc": "コミカライズ12巻帯",
    "isbn": "4775313754",
    "oldData": {
      "sales": "2022/03/21  シリーズ累計75万部突破\n2022/01/20  シリーズ累計68万部突破\n2021/10/20  シリーズ累計65万部突破\n2021/06/22  シリーズ累計60万部突破\n2021/03/19  シリーズ累計55万部突破\n2020/10/21  シリーズ累計35万部突破\n2020/06/22  シリーズ累計30万部突破\n2019/12/21  シリーズ累計26万部突破\n2019/10/21  シリーズ累計23万部突破\n2019/05/22  シリーズ累計20万部突破",
      "reprint": null
    }
  },
  {
    "title": "お女ヤン!!　イケメン☆ヤンキー☆パラダイス",
    "salesValue": 750000,
    "recordDate": "2022-02-25",
    "salesDesc": "シリーズ累計75万部突破",
    "sourceDesc": "<a href=\"https://twitter.com/maho_comics/status/1497134273626705923\">魔法のiらんどCOMICSTwitter</a>",
    "isbn": "4048704508",
    "oldData": {
      "sales": null,
      "reprint": null
    }
  },
  {
    "title": "Sランクモンスターの≪ベヒーモス≫だけど、猫と間違われてエルフ娘の騎士(ペット)として暮らしてます",
    "salesValue": 750000,
    "recordDate": "2022-02-23",
    "salesDesc": "累計75万部突破(紙+電子)",
    "sourceDesc": "<a href=\"https://twitter.com/n_bh_mth_17/status/1496303836210036739\">コミカライズ7巻帯</a>",
    "isbn": "4896377001",
    "oldData": {
      "sales": "2022/02/23  累計75万部突破（紙+電子）\n2021/05/28  累計60万部突破（※電子版含む）\n2020/11/27  累計50万部突破（※電子版含む）\n2020/03/28  累計30万部突破（※電子版含む）\n2019/10/29  25万部突破（※電子版含む）",
      "reprint": null
    }
  },
  {
    "title": "穏やか貴族の休暇のすすめ。",
    "salesValue": 750000,
    "recordDate": "2022-02-21",
    "salesDesc": "シリーズ累計75万部突破(電子書籍を含む)",
    "sourceDesc": "<a href=\"https://tobooks.shop-pro.jp/?pid=165201664\">原作15巻あらすじ・内容</a>",
    "isbn": "4864727015",
    "oldData": {
      "sales": "2022/02/21  シリーズ累計75万部突破（電子書籍を含む）\n2021/11/29  シリーズ累計60万部突破（電子書籍を含む）\n2021/11/08  シリーズ累計55万部突破（電子書籍含む）\n2021/07/04  シリーズ累計50万部突破（電子書籍含む）\n2021/01/28  シリーズ累計40万部突破（電子書籍含む）\n2020/10/04  シリーズ累計35万部突破（電子書籍含む）\n2020/06/27  シリーズ累計30万部突破（電子書籍含む）\n2020/02/16  累計20万部突破\n2019/06/03  累計10万部突破\n2019/03/**  累計4万部突破\n2018/12/**  累計3万部突破",
      "reprint": null
    }
  },
  {
    "title": "「攻略本」を駆使する最強の魔法使い　～〈命令させろ〉とは言わせない俺流魔王討伐最善ルート～",
    "salesValue": 750000,
    "recordDate": "2022-02-07",
    "salesDesc": "累計75万部突破",
    "sourceDesc": "コミカライズ6巻帯",
    "isbn": "481560021X",
    "oldData": {
      "sales": "2022/02/07  累計75万部突破\n2021/08/06  シリーズ累計60万部突破\n2020/02/10  コミックス1～2巻累計10万部突破",
      "reprint": null
    }
  },
  {
    "title": "世界でただ一人の魔物使い　～転職したら魔王に間違われました～",
    "salesValue": 750000,
    "recordDate": "2022-01-07",
    "salesDesc": "累計75万部突破※電子版含む",
    "sourceDesc": "コミカライズ7巻帯",
    "isbn": "4040726146",
    "oldData": {
      "sales": "2022/01/07  累計75万部突破（※電子版含む）\n2021/05/30  累計63万部突破（※電子版含む）\n2020/12/07  累計48万部突破（※電子版含む）\n2020/07/02  累計33万部突破（※電子版含む）\n2020/02/02  累計20万部突破（※電子版含む）",
      "reprint": null
    }
  },
  {
    "title": "領民0人スタートの辺境領主様",
    "salesValue": 750000,
    "recordDate": "2022-01-02",
    "salesDesc": "シリーズ累計75万部突破",
    "sourceDesc": "<a href=\"https://twitter.com/fuuurou/status/1477582703172419586\">作者Twitter</a>",
    "isbn": "4803012385",
    "oldData": {
      "sales": "2022/01/02  シリーズ累計75万部突破\n2021/06/04  シリーズ累計50万部突破",
      "reprint": null
    }
  },
  {
    "title": "異世界ゆるり紀行",
    "salesValue": 740000,
    "recordDate": "2022-03-22",
    "salesDesc": "シリーズ累計74万部(電子含む)",
    "sourceDesc": "<a href=\"https://www.amazon.co.jp/dp/4434300873\">原作12巻帯</a>",
    "isbn": "4434232436",
    "oldData": {
      "sales": "2022/03/22  シリーズ累計74万部（電子含む）\n2021/10/21  シリーズ累計69万部（電子含む）\n2021/09/21  シリーズ累計64万部（電子含む）\n2021/03/23  シリーズ累計57万部\n2021/02/18  シリーズ累計55万部（電子含む）\n2020/09/23  シリーズ累計46万部（電子含む）\n2020/06/04  シリーズ累計41万部突破（電子含む）\n2020/03/19  シリーズ累計37万部（電子含む）\n2019/09/20  シリーズ累計25万部\n2019/08/28  シリーズ累計23万部突破\n2019/03/**  シリーズ累計19万部\n2018/11/**  シリーズ累計15万部\n2018/10/**  累計11.5万部\n2018/05/**  累計9万部",
      "reprint": null
    }
  },
  {
    "title": "効率厨魔導師、第二の人生で魔導を極める",
    "salesValue": 730000,
    "recordDate": "2022-01-20",
    "salesDesc": "シリーズ累計73万部(電子含む)",
    "sourceDesc": "<a href=\"https://www.amazon.co.jp/dp/4434298992\">コミカライズ10巻帯</a>",
    "isbn": "4434204181",
    "oldData": {
      "sales": "2022/01/20  シリーズ累計73万部（電子含む）\n2021/07/20  シリーズ累計67万部（電子含む）\n2020/12/18  シリーズ累計60万部（電子含む）\n2020/06/24  シリーズ累計52万部（電子含む）\n2019/12/20  シリーズ累計27万部\n2019/02/**  シリーズ累計24万部突破\n2018/03/**  シリーズ累計20万部突破",
      "reprint": null
    }
  },
  {
    "title": "ワールド・カスタマイズ・クリエーター",
    "salesValue": 720000,
    "recordDate": "2021-06-22",
    "salesDesc": "シリーズ累計72万部突破(電子含む)",
    "sourceDesc": "<a href=\"https://www.amazon.co.jp/dp/4434290134/\">コミカライズ8巻帯</a>",
    "isbn": "4434169351",
    "oldData": {
      "sales": null,
      "reprint": null
    }
  },
  {
    "title": "のんびりVRMMO記",
    "salesValue": 720000,
    "recordDate": "2022-03-23",
    "salesDesc": "シリーズ累計72万部(電子含む)",
    "sourceDesc": "<a href=\"https://www.amazon.co.jp/dp/4434300989\">コミカライズ8巻帯</a>",
    "isbn": "443420341X",
    "oldData": {
      "sales": "2022/03/23  シリーズ累計72万部（電子含む）\n2021/10/06  累計66万部（電子含む）\n2021/06/22  累計65万部（電子含む）\n2021/04/07  累計61万部（電子含む）\n2021/01/07  累計58万部（電子含む）\n2020/11/17  累計57万部（電子含む）\n2020/09/24  シリーズ累計56万部（電子含む）\n2020/08/06  累計52万部（電子含む）\n2020/06/09  累計51万部（電子含む）\n2020/04/06  累計48万部（電子含む）\n2020/02/12  累計47万部（電子含む）\n2019/11/19  シリーズ累計35万部\n2019/10/10  累計32万部\n2019/07/23  累計31万部\n2019/03/**  シリーズ累計30万部\n2018/09/**  累計26万部突破\n2018/05/**  シリーズ累計24万部突破\n2018/02/**  累計20万部突破",
      "reprint": null
    }
  },
  {
    "title": "終焉ノ栞",
    "salesValue": 710000,
    "recordDate": "2014-11",
    "salesDesc": "シリーズ累計71万部突破",
    "sourceDesc": "コミカライズ5巻のあらすじ・内容",
    "isbn": "4840149577",
    "oldData": {
      "sales": "2014/11/**  シリーズ累計71万部突破",
      "reprint": null
    }
  },
  {
    "title": "ニートだけどハロワにいったら異世界につれてかれた",
    "salesValue": 700000,
    "recordDate": "2022-05-01",
    "salesDesc": "コミックス累計70万部突破※紙、電子合算",
    "sourceDesc": "<a href=\"https://mobile.twitter.com/KoderaWorks/status/1520613238571888640\">コミカライズ7巻帯</a>",
    "isbn": "404066051X",
    "oldData": {
      "sales": "2022/05/01  コミックス累計70万部突破（※紙、電子合算）\n2021/09/28  コミックス累計60万部突破（※紙、電子合算）\n2021/03/23  コミックス累計40万部突破（※紙、電子合算）",
      "reprint": null
    }
  },
  {
    "title": "魔法少女育成計画",
    "salesValue": 700000,
    "recordDate": "2022-04-07",
    "salesDesc": "シリーズ累計70万部突破",
    "sourceDesc": "<a href=\"https://twitter.com/konorano_jp/status/1511942323243872260\">原作「episodesΣ」帯</a>",
    "isbn": "479668039X",
    "oldData": {
      "sales": "2022/04/07  シリーズ累計70万部突破\n2019/06/03  シリーズ累計60万部突破",
      "reprint": null
    }
  },
  {
    "title": "七つの魔剣が支配する",
    "salesValue": 700000,
    "recordDate": "2022-03-10",
    "salesDesc": "シリーズ累計70万部突破※コミックス、電子書籍含む",
    "sourceDesc": "原作5巻帯",
    "isbn": "4048939645",
    "oldData": {
      "sales": "2022/03/10  シリーズ累計70万部突破（※コミックス、電子書籍含む）\n2020/02/07  シリーズ累計30万部突破（※紙本と電子書籍の合算数値となります。2020年1月現在。）\n2019/05/10  累計10万部突破",
      "reprint": "**刷  2019/12/27決定\n**刷  2019/11/25決定"
    }
  },
  {
    "title": "私この度、王国騎士団独身寮の家政婦をすることになりました",
    "salesValue": 700000,
    "recordDate": "2022-02-18",
    "salesDesc": "シリーズ累計70万部突破",
    "sourceDesc": "<a href=\"https://twitter.com/eb_eromance/status/1494590334923259906\">eロマンスロイヤル公式アカウントTwitter</a>",
    "isbn": "4047354015",
    "oldData": {
      "sales": "2022/02/18  シリーズ累計70万部突破\n2021/09/16  シリーズ累計55万部突破（※紙本と電子書籍の合算数字となります。2021年8月現在。）\n2021/08/23  37万部突破\n2021/04/15  累計35万部突破（紙本と電子書籍の合算数字となります。2021年3月現在。）\n2020/11/12  20万部突破（紙と電子書籍の合算数字となります。2020年8月現在）",
      "reprint": null
    }
  },
  {
    "title": "モンスターがあふれる世界になったので、好きに生きたいと思います",
    "salesValue": 700000,
    "recordDate": "2022-02-15",
    "salesDesc": "シリーズ累計70万部突破",
    "sourceDesc": "<a href=\"https://twitter.com/yoshyaa/status/1493505881329532929\">コミカライズ7巻帯</a>",
    "isbn": "4797396695",
    "oldData": {
      "sales": "2022/02/15  シリーズ累計70万部突破\n2021/08/22  シリーズ累計57万部突破\n2021/03/27  シリーズ累計50万部突破\n2021/02/01  シリーズ累計45万部突破\n2020/10/10  シリーズ累計40万部突破\n2020/08/29  シリーズ累計38万部突破\n2020/08/06  累計30万部突破\n2019/12/21  シリーズ累計25万部突破\n2019/07/04  累計10万部突破",
      "reprint": null
    }
  },
  {
    "title": "落第賢者の学院無双　～二度転生した最強賢者、400年後の世界を魔剣で無双～",
    "salesValue": 700000,
    "recordDate": "2022-02-07",
    "salesDesc": "シリーズ累計70万部突破",
    "sourceDesc": "コミカライズ4巻帯",
    "isbn": "4041086248",
    "oldData": {
      "sales": "2022/02/07  シリーズ累計70万部突破\n2021/10/20  シリーズ累計65万部突破（※紙本と電子書籍の合算数字となります。2021年9月現在。自社他社含む）\n2021/05/21  シリーズ累計40万部突破（※紙本と電子書籍の合算数字となります。2021年5月現在。自社他社含む）\n2020/08/19  シリーズ累計20万部突破（※紙本と電子書籍の合算数字となります。2020年8月現在。自社他社含む）\n2020/06/23  シリーズ累計15万部突破（※紙本と電子書籍の合算数値となります。2020年5月現在。自社他社含む。）",
      "reprint": "**刷  2020/01/17決定"
    }
  },
  {
    "title": "最強魔法師の隠遁計画",
    "salesValue": 700000,
    "recordDate": "2022-01-05",
    "salesDesc": "シリーズ累計70万部突破",
    "sourceDesc": "<a href=\"https://twitter.com/HJbunko/status/1478660376208482312\">HJ文庫Twitter</a>",
    "isbn": "4798613967",
    "oldData": {
      "sales": "2022/01/05  シリーズ累計70万部突破\n2020/04/24  シリーズ累計40万部",
      "reprint": null
    }
  },
  {
    "title": "村人転生　最強のスローライフ",
    "salesValue": 700000,
    "recordDate": "2021-11-17",
    "salesDesc": "累計部数70万部突破",
    "sourceDesc": "<a href=\"https://twitter.com/monster_futaba/status/1460838245516808194\">コミカライズ9巻帯</a>",
    "isbn": "4575239011",
    "oldData": {
      "sales": "2021/11/17  累計部数70万部突破\n2021/05/27  累計部数60万部突破\n2020/11/26  累計部数55万部突破\n2020/06/10  電子・紙累計45万部",
      "reprint": null
    }
  },
  {
    "title": "異世界召喚は二度目です",
    "salesValue": 700000,
    "recordDate": "2021-10-27",
    "salesDesc": "70万部突破",
    "sourceDesc": "<a href=\"https://twitter.com/kisimotokazuha/status/1453323570914869255\">コミカライズ7巻帯</a>",
    "isbn": "4575750603",
    "oldData": {
      "sales": "2021/10/27  70万部突破\n2021/06/23  60万部突破\n2020/12/26  50万部突破\n2020/06/26  35万部突破",
      "reprint": null
    }
  },
  {
    "title": "29歳独身は異世界で自由に生きた……かった。",
    "salesValue": 700000,
    "recordDate": "2021-08-13",
    "salesDesc": "シリーズ累計70万部突破※電子書籍含む",
    "sourceDesc": "<a href=\"https://twitter.com/odcham/status/1426070653489188868\">コミカライズ5巻帯</a>",
    "isbn": "4040701704",
    "oldData": {
      "sales": "2021/08/13  シリーズ累計70万部突破（※電子書籍含む）\n2021/02/13  シリーズ累計57万部突破（※電子含む）\n2020/09/25  シリーズ累計45万部突破（※電子含む）",
      "reprint": null
    }
  },
  {
    "title": "君は月夜に光り輝く",
    "salesValue": 700000,
    "recordDate": "2021-06-30",
    "salesDesc": "シリーズ累計70万部突破",
    "sourceDesc": "<a href=\"https://twitter.com/mwbunko/status/1410182441889763336\">メディアワークス文庫Twitter</a>",
    "isbn": "4048926756",
    "oldData": {
      "sales": "2021/06/30  シリーズ累計70万部突破\n2019/08/18  シリーズ累計60万部突破\n2019/02/**  累計50万部\n2019/02/**  40万部突破\n2018/10/15  累計発行部数30万部突破\n2018/06/**  25万部突破",
      "reprint": "32刷  2020/08/01決定\n31刷  2020/06/08決定"
    }
  },
  {
    "title": "異世界料理道",
    "salesValue": 700000,
    "recordDate": "2020-09-16",
    "salesDesc": "シリーズ累計70万部突破",
    "sourceDesc": "原作22巻あらすじ・内容",
    "isbn": "479860965X",
    "oldData": {
      "sales": "2020/09/16  シリーズ累計70万部突破",
      "reprint": null
    }
  },
  {
    "title": "ケーキ王子の名推理",
    "salesValue": 700000,
    "recordDate": "2020-06-07",
    "salesDesc": "累計70万部突破",
    "sourceDesc": "原作5巻帯",
    "isbn": "4101800502",
    "oldData": {
      "sales": "2020/06/07  累計70万部突破\n2019/06/28  累計60万部突破\n2018/07/**  累計50万部突破",
      "reprint": null
    }
  },
  {
    "title": "ベン・トー",
    "salesValue": 700000,
    "recordDate": "2011-08-07",
    "salesDesc": "総発行部数70万部突破",
    "sourceDesc": "ファミ通.com「2011年秋放送のテレビアニメ『ベン・トー』キャスト公開」記事",
    "isbn": "4086304058",
    "oldData": {
      "sales": "2011/08/07  総発行部数70万部突破",
      "reprint": null
    }
  },
  {
    "title": "ちょっと今から仕事やめてくる",
    "salesValue": 700000,
    "recordDate": "2017-10-02",
    "salesDesc": "シリーズ累計70万部",
    "sourceDesc": "KADOKAWAニュースリリース",
    "isbn": "4048692712",
    "oldData": {
      "sales": "2017/10/02  シリーズ累計70万部\n2017/05/**  60万部突破",
      "reprint": null
    }
  },
  {
    "title": "強くてニューサーガ",
    "salesValue": 690000,
    "recordDate": "2021-08-23",
    "salesDesc": "シリーズ累計69万部(電子含む)",
    "sourceDesc": "<a href=\"https://www.amazon.co.jp/dp/4434292773/\">コミカライズ9巻帯</a>",
    "isbn": "443417794X",
    "oldData": {
      "sales": null,
      "reprint": null
    }
  },
  {
    "title": "異世界転移したのでチートを生かして魔法剣士やることにする",
    "salesValue": 680000,
    "recordDate": "2022-04-22",
    "salesDesc": "コミカライズ版累計68万部突破",
    "sourceDesc": "<a href=\"https://twitter.com/itsuki_kousei/status/1517365114412105728\">渡辺樹「冒険者ライセンス」「チート魔法剣士」構成担当Twitter</a>",
    "isbn": "4896375394",
    "oldData": {
      "sales": "2022/04/22  コミカライズ版累計68万部突破\n2022/03/30  シリーズ累計60万部突破（2022年4月7日時点）\n2022/03/07  コミカライズ版累計53万部突破\n2021/12/08  コミカライズ版累計50万部突破\n2021/10/28  シリーズ累計40万部突破（2021年11月6日時点）\n2021/06/29  シリーズ累計30万部突破（2021年7月7日時点）\n2021/06/07  コミカライズ版累計20万部突破\n2021/01/29  シリーズ累計19万部突破",
      "reprint": null
    }
  },
  {
    "title": "警視庁捜査一課十一係",
    "salesValue": 680000,
    "recordDate": "2020-11-01",
    "salesDesc": "シリーズ累計68万部突破",
    "sourceDesc": "原作「賢者の棘」巻帯",
    "isbn": "4061827774",
    "oldData": {
      "sales": null,
      "reprint": null
    }
  },
  {
    "title": "素材採取家の異世界旅行記",
    "salesValue": 680000,
    "recordDate": "2022-01-21",
    "salesDesc": "累計68万部(電子含む)",
    "sourceDesc": "<a href=\"https://www.amazon.co.jp/dp/4434298941\">原作11巻帯</a>",
    "isbn": "4434229176",
    "oldData": {
      "sales": "2022/01/21  累計68万部（電子含む）\n2021/09/21  累計67万部（電子含む）\n2021/08/23  シリーズ累計65万部突破（電子含む）\n2020/12/17  シリーズ累計48万部（電子含む）\n2020/07/22  シリーズ累計45万部突破（電子含む）\n2020/02/20  累計33万部（電子を含む）\n2019/09/20  累計24万部\n2018/12/**  累計17万部突破\n2018/11/**  シリーズ累計13万部突破\n2018/08/**  累計10万部\n2018/02/**  累計8万部突破",
      "reprint": null
    }
  },
  {
    "title": "完全回避ヒーラーの軌跡",
    "salesValue": 670000,
    "recordDate": "2022-03-22",
    "salesDesc": "コミックス累計67万部突破※紙・電子の合算となります。",
    "sourceDesc": "コミカライズ6巻帯",
    "isbn": "4040699653",
    "oldData": {
      "sales": "2022/03/22  コミックス累計67万部突破（※紙・電子の合算となります。）\n2021/09/21  コミックス累計50万部突破（※紙・電子の合算となります。）\n2021/03/19  コミックス累計35万部突破\n2020/09/18  コミックス累計20万部突破",
      "reprint": null
    }
  },
  {
    "title": "獣医さんのお仕事 in 異世界",
    "salesValue": 670000,
    "recordDate": "2021-12-16",
    "salesDesc": "シリーズ累計67万部突破(電子含む)",
    "sourceDesc": "<a href=\"https://www.amazon.co.jp/dp/4434297406\">コミカライズ7巻帯</a>",
    "isbn": "4434184717",
    "oldData": {
      "sales": null,
      "reprint": null
    }
  },
  {
    "title": "転生しちゃったよ（いや、ごめん）",
    "salesValue": 660000,
    "recordDate": "2021-07-20",
    "salesDesc": "シリーズ累計66万部(電子含む)",
    "sourceDesc": "<a href=\"https://www.amazon.co.jp/dp/4434291335/\">コミカライズ7巻帯</a>",
    "isbn": "4434202391",
    "oldData": {
      "sales": "2021/07/20  シリーズ累計66万部（電子含む）\n2020/09/24  累計50万部（電子含む）\n2019/03/**  累計30万部\n2019/01/**  累計29万部\n2018/12/**  シリーズ累計28万部\n2018/11/**  累計25万部\n2018/08/**  累計24万部",
      "reprint": null
    }
  },
  {
    "title": "塩対応の佐藤さんが俺にだけ甘い",
    "salesValue": 650000,
    "recordDate": "2022-04-28",
    "salesDesc": "シリーズ累計65万部突破",
    "sourceDesc": "<a href=\"https://twitter.com/sawatari_kazami/status/1519632769567100930\">作者Twitter</a>",
    "isbn": "4094518231",
    "oldData": {
      "sales": "2022/04/28  シリーズ累計65万部突破\n2022/03/16  シリーズ累計60万部突破\n2021/10/31  シリーズ累計50万部突破\n2021/09/07  シリーズ累計42万部突破\n2021/08/13  シリーズ累計40万部突破（※コミックス・電子含む）\n2021/05/07  シリーズ累計25万部突破\n2021/03/20  シリーズ累計25万部間近\n2021/02/15  シリーズ累計21万部突破",
      "reprint": "*6刷  2020/10/12決定\n*5刷  2020/06/08決定\n*4刷  2020/03/04決定\n*3刷  2020/02/10決定\n*2刷  2020/01/06決定 ／ 2020/01/22出来"
    }
  },
  {
    "title": "最後にひとつだけお願いしてもよろしいでしょうか",
    "salesValue": 650000,
    "recordDate": "2022-03-30",
    "salesDesc": "シリーズ累計65万部突破(電子含む)",
    "sourceDesc": "<a href=\"https://www.amazon.co.jp/dp/4434301047\">コミカライズ5巻帯</a>",
    "isbn": "4434249258",
    "oldData": {
      "sales": "2022/03/30  シリーズ累計65万部突破（電子含む）\n2021/08/30  シリーズ累計45万部突破（電子含む）",
      "reprint": null
    }
  },
  {
    "title": "最強の魔導士。ひざに矢をうけてしまったので田舎の衛兵になる",
    "salesValue": 650000,
    "recordDate": "2022-03-07",
    "salesDesc": "シリーズ累計65万部突破",
    "sourceDesc": "コミカライズ6巻帯",
    "isbn": "4797396970",
    "oldData": {
      "sales": "2022/03/07  シリーズ累計65万部突破\n2021/10/07  シリーズ累計55万部突破（※2021年10月時点での紙・電子部数の合計。）\n2020/05/12  コミカライズ20万部超",
      "reprint": null
    }
  },
  {
    "title": "嘆きの亡霊は引退したい　～最弱ハンターによる最強パーティ育成術～",
    "salesValue": 650000,
    "recordDate": "2022-02-26",
    "salesDesc": "シリーズ累計65万部突破",
    "sourceDesc": "原作8巻帯",
    "isbn": "489637813X",
    "oldData": {
      "sales": "2022/02/26  シリーズ累計65万部突破\n2021/08/30  シリーズ累計50万部突破（※電子含）\n2021/02/19  シリーズ累計35万部突破\n2020/08/19  シリーズ累計20万部突破\n2020/06/09  シリーズ累計15万部突破",
      "reprint": "**刷  2020/06/09決定"
    }
  },
  {
    "title": "最強タンクの迷宮攻略",
    "salesValue": 650000,
    "recordDate": "2022-02-07",
    "salesDesc": "シリーズ累計65万部突破",
    "sourceDesc": "コミカライズ6巻帯",
    "isbn": "4074381338",
    "oldData": {
      "sales": "2022/02/07  シリーズ累計65万部突破\n2021/09/07  シリーズ累計50万部突破\n2021/03/05  シリーズ累計40万部突破\n2020/09/07  シリーズ累計30万部突破",
      "reprint": null
    }
  },
  {
    "title": "人狼への転生、魔王の副官",
    "salesValue": 650000,
    "recordDate": "2021-05-08",
    "salesDesc": "シリーズ累計65万部突破",
    "sourceDesc": "<a href=\"https://twitter.com/comicearthstar/status/1391033773643288577\">コミカライズはじまりの章7巻帯</a>",
    "isbn": "4803008256",
    "oldData": {
      "sales": "2021/05/08  シリーズ累計65万部突破\n2020/10/09  シリーズ累計60万部突破\n2020/02/12  シリーズ累計55万部突破\n2019/05/14  シリーズ累計52万部突破\n2018/08/**  シリーズ累計45万部突破\n2018/05/**  シリーズ累計40万部突破",
      "reprint": null
    }
  },
  {
    "title": "小説 天気の子",
    "salesValue": 650000,
    "recordDate": "2019-09-10",
    "salesDesc": "累計65万部突破",
    "sourceDesc": "KADOKAWAプレリリース(2019/9/10)",
    "isbn": "4041026407",
    "oldData": {
      "sales": "2019/09/10  累計65万部突破\n2019/08/28  62万部突破\n2019/08/09  累計60万部突破\n2019/07/18  初版50万部",
      "reprint": null
    }
  },
  {
    "title": "竜殺しの過ごす日々",
    "salesValue": 650000,
    "recordDate": "2014-10",
    "salesDesc": "累計65万部突破",
    "sourceDesc": "チート薬師の異世界旅1巻のあらすじ・内容",
    "isbn": "4072830968",
    "oldData": {
      "sales": "2014/10/**  累計65万部突破",
      "reprint": null
    }
  },
  {
    "title": "ゼロから始める魔法の書",
    "salesValue": 620000,
    "recordDate": "2017-05-23",
    "salesDesc": "累計発行62万部突破",
    "sourceDesc": "KADOKAWAニュースリリース",
    "isbn": "4048663127",
    "oldData": {
      "sales": "2017/05/23  累計発行62万部突破\n2017/03/12  シリーズ累計58万部",
      "reprint": null
    }
  },
  {
    "title": "ダィテス領攻防記",
    "salesValue": 610000,
    "recordDate": "2021-07-28",
    "salesDesc": "シリーズ累計61万部(電子含む)",
    "sourceDesc": "<a href=\"https://www.amazon.co.jp/dp/4434291408/\">コミカライズ6巻帯</a>",
    "isbn": "4434183532",
    "oldData": {
      "sales": "2021/07/28  シリーズ累計61万部（電子含む）\n2021/01/27  シリーズ累計47万部（電子含む）\n2019/03/25  シリーズ累計34万部\n2018/08/**  シリーズ累計30万部",
      "reprint": null
    }
  },
  {
    "title": "出来損ないと呼ばれた元英雄は、実家から追放されたので好き勝手に生きることにした",
    "salesValue": 600000,
    "recordDate": "2022-04-28",
    "salesDesc": "シリーズ累計60万部突破(電子書籍を含む)",
    "sourceDesc": "<a href=\"https://twitter.com/TOBOOKS/status/1519640187638525952\">コミカライズ6巻帯</a>",
    "isbn": "4864727392",
    "oldData": {
      "sales": "2022/04/28  シリーズ累計60万部突破（電子書籍を含む）\n2021/08/31  シリーズ累計45万部突破（電子書籍含む）\n2021/08/08  シリーズ累計40万部突破（電子書籍含む）\n2020/10/21  シリーズ累計30万部突破（紙+電子）\n2020/09/07  シリーズ累計25万部突破（紙+電子）\n2020/04/15  シリーズ累計20万部突破（電子書籍を含む）",
      "reprint": null
    }
  },
  {
    "title": "最強出涸らし皇子の暗躍帝位争い　無能を演じるSSランク皇子は皇位継承戦を影から支配する",
    "salesValue": 600000,
    "recordDate": "2022-04-01",
    "salesDesc": "シリーズ累計60万部突破※紙本と電子書籍の合算数字。2022年4月現在。",
    "sourceDesc": "原作9巻帯、<a href=\"https://twitter.com/youngace_up/status/1509848045512404999\">コミカライズ4巻帯</a>",
    "isbn": "4041085268",
    "oldData": {
      "sales": "2022/04/01  シリーズ累計60万部突破（※紙本と電子書籍の合算数字。2022年4月現在。）\n2021/06/16  シリーズ累計30万部突破（※紙本と電子書籍の合算数字となります。）\n2020/12/18  シリーズ累計20万部突破（※紙本と電子書籍の合算数字。2020年12月現在。）\n2020/06/05  シリーズ累計10万部突破",
      "reprint": "**刷  2020/05/22決定\n**刷  2020/01/14決定"
    }
  },
  {
    "title": "アルバート家の令嬢は没落をご所望です",
    "salesValue": 600000,
    "recordDate": "2022-03-23",
    "salesDesc": "シリーズ累計60万部突破※紙・電子書籍の合計(2022年4月現在)",
    "sourceDesc": "<a href=\"https://twitter.com/comibi/status/1506571455990886402\">コミカライズ4巻帯</a>",
    "isbn": "4041028205",
    "oldData": {
      "sales": "2022/03/23  シリーズ累計60万部突破（※紙・電子書籍の合計(2022年4月現在)）\n2020/11/20  シリーズ累計40万部突破（※紙・電子書籍の合計(2020年12月現在)）\n2019/11/21  シリーズ累計20万部突破（※紙本と電子書籍の合計数字(2019年11月現在)）",
      "reprint": null
    }
  },
  {
    "title": "外れスキル「影が薄い」を持つギルド職員が、実は伝説の暗殺者",
    "salesValue": 600000,
    "recordDate": "2022-03-19",
    "salesDesc": "シリーズ累計60万部突破(紙+電子)",
    "sourceDesc": "<a href=\"https://twitter.com/kennoji2302/status/1505015663718711297\">コミカライズ5巻帯</a>",
    "isbn": "4040730844",
    "oldData": {
      "sales": "2022/03/19  シリーズ累計60万部突破（紙+電子）\n2021/08/05  シリーズ累計45万部突破（紙+電子）",
      "reprint": null
    }
  },
  {
    "title": "役立たずスキルに人生を注ぎ込み25年、今さら最強の冒険譚",
    "salesValue": 600000,
    "recordDate": "2022-03-18",
    "salesDesc": "シリーズ累計60万部突破(紙+電子)",
    "sourceDesc": "<a href=\"https://twitter.com/guntetsu107/status/1504800394685214722\">コミカライズ5巻帯</a>",
    "isbn": "404073050X",
    "oldData": {
      "sales": "2022/03/18  シリーズ累計60万部突破（紙+電子）\n2021/08/05  シリーズ累計40万部突破（紙+電子）",
      "reprint": null
    }
  },
  {
    "title": "家政魔導士の異世界生活　～冒険中の家政婦業承ります！～",
    "salesValue": 600000,
    "recordDate": "2022-03-01",
    "salesDesc": "シリーズ累計60万部突破(電子書籍含む)",
    "sourceDesc": "<a href=\"https://twitter.com/iris_ichijinsha/status/1498513353848737797\">原作6巻帯</a>",
    "isbn": "4758090955",
    "oldData": {
      "sales": "2022/03/01  シリーズ累計60万部突破（電子書籍含む）",
      "reprint": null
    }
  },
  {
    "title": "異世界転生の冒険者",
    "salesValue": 600000,
    "recordDate": "2022-02-14",
    "salesDesc": "シリーズ累計60万部突破",
    "sourceDesc": "コミカライズ6巻帯",
    "isbn": "4800006708",
    "oldData": {
      "sales": "2022/02/14  シリーズ累計60万部突破\n2021/07/14  シリーズ累計50万部突破\n2020/11/13  シリーズ累計40万部突破\n2020/04/14  シリーズ累計30万部突破\n2020/02/11  シリーズ累計25万部\n2019/10/13  シリーズ累計20万部突破\n2019/02/**  シリーズ累計10万部突破",
      "reprint": null
    }
  },
  {
    "title": "悪役令嬢の追放後！　教会改革ごはんで悠々シスター暮らし",
    "salesValue": 600000,
    "recordDate": "2022-01-17",
    "salesDesc": "シリーズ累計60万部突破",
    "sourceDesc": "<a href=\"https://twitter.com/tmj961/status/1482959245729738752\">コミカライズ作者Twitter</a>",
    "isbn": "4049123061",
    "oldData": {
      "sales": "2022/01/17  シリーズ累計60万部突破\n2021/07/05  シリーズ累計42万部突破（紙+電子）\n2020/11/27  シリーズ累計30万部突破（紙+電子）",
      "reprint": null
    }
  },
  {
    "title": "史上最強の魔法剣士、Fランク冒険者に転生する　～剣聖と魔帝、2つの前世を持った男の英雄譚～",
    "salesValue": 600000,
    "recordDate": "2021-12-17",
    "salesDesc": "シリーズ累計60万部突破",
    "sourceDesc": "<a href=\"https://www.s-manga.net/items/contents.html?isbn=978-4-08-892182-2\">コミカライズ6巻帯</a>",
    "isbn": "4086313332",
    "oldData": {
      "sales": "2021/12/17  シリーズ累計60万部突破\n2021/07/14  シリーズ累計50万部突破\n2021/03/05  シリーズ累計30万部突破\n2020/09/15  シリーズ累計15万部突破\n2020/04/16  シリーズ累計10万部突破\n2019/11/29  シリーズ累計5万部突破",
      "reprint": null
    }
  },
  {
    "title": "貴族転生　～恵まれた生まれから最強の力を得る～",
    "salesValue": 600000,
    "recordDate": "2021-12-14",
    "salesDesc": "シリーズ累計60万部突破",
    "sourceDesc": "<a href=\"https://twitter.com/mikinazuna/status/1470692050081558531\">作者Twitter</a>",
    "isbn": "4815604002",
    "oldData": {
      "sales": "2021/12/14  シリーズ累計60万部突破\n2021/12/03  シリーズ累計55万部突破\n2021/04/29  シリーズ累計35万部突破\n2021/04/23  シリーズ累計34万部突破\n2021/02/10  累計25万部突破\n2020/11/24  累計20万部突破",
      "reprint": null
    }
  },
  {
    "title": "自称Fランクのお兄さまがゲームで評価される学園の頂点に君臨するそうですよ？",
    "salesValue": 600000,
    "recordDate": "2021-09-17",
    "salesDesc": "シリーズ累計60万部突破",
    "sourceDesc": "<a href=\"https://twitter.com/frankbro_/status/1438820029307383809\">原作11巻帯</a>",
    "isbn": "4040691784",
    "oldData": {
      "sales": "2021/09/17  シリーズ累計60万部突破\n2020/10/16  シリーズ累計50万部突破\n2019/08/14  シリーズ累計40万部突破（※2019年8月時点）\n2019/03/**  シリーズ累計部数30万部突破\n2018/10/**  シリーズ累計部数20万部突破\n2018/08/**  原作1巻5万部突破",
      "reprint": null
    }
  },
  {
    "title": "魔石グルメ　魔物の力を食べたオレは最強！",
    "salesValue": 600000,
    "recordDate": "2021-06-17",
    "salesDesc": "シリーズ累計60万部突破",
    "sourceDesc": "<a href=\"https://twitter.com/kadokawabooks/status/1405452299523162112\">カドカワBOOKS編集部Twitter</a>",
    "isbn": "4040729552",
    "oldData": {
      "sales": "2021/06/17  シリーズ累計60万部突破\n2020/10/25  シリーズ累計30万部突破",
      "reprint": "**刷  2020/06/04決定"
    }
  },
  {
    "title": "ドS刑事",
    "salesValue": 600000,
    "recordDate": "2020-11-26",
    "salesDesc": "シリーズ累計60万部突破",
    "sourceDesc": "原作「二度あることは三度ある殺人事件」帯",
    "isbn": "4344034422",
    "oldData": {
      "sales": "2020/11/26  シリーズ累計60万部突破",
      "reprint": null
    }
  },
  {
    "title": "化学探偵Mr.キュリー",
    "salesValue": 600000,
    "recordDate": "2020-04-21",
    "salesDesc": "累計60万部突破",
    "sourceDesc": "原作9巻帯",
    "isbn": "4122058198",
    "oldData": {
      "sales": "2020/04/21  累計60万部突破",
      "reprint": null
    }
  },
  {
    "title": "魔導師は平凡を望む",
    "salesValue": 600000,
    "recordDate": "2019-09-09",
    "salesDesc": "シリーズ累計60万部突破",
    "sourceDesc": "原作24巻帯",
    "isbn": "4861346584",
    "oldData": {
      "sales": "2019/09/09  シリーズ累計60万部突破\n2019/06/10  シリーズ累計55万部突破\n2017/05/**  累計30万部突破",
      "reprint": null
    }
  },
  {
    "title": "0能者ミナト",
    "salesValue": 600000,
    "recordDate": "2017-10-02",
    "salesDesc": "シリーズ累計60万部超",
    "sourceDesc": "KADOKAWAニュースリリース",
    "isbn": "404870138X",
    "oldData": {
      "sales": "2017/10/02  シリーズ累計60万部超",
      "reprint": null
    }
  },
  {
    "title": "サクラダリセット",
    "salesValue": 600000,
    "recordDate": "2017-09",
    "salesDesc": "シリーズ累計60万部突破",
    "sourceDesc": "コミカライズ1巻のあらすじ・内容",
    "isbn": "4044743010",
    "oldData": {
      "sales": "2017/09/**  シリーズ累計60万部突破",
      "reprint": null
    }
  },
  {
    "title": "この世界がゲームだと俺だけが知っている",
    "salesValue": 600000,
    "recordDate": "2021-09-15",
    "salesDesc": "シリーズ累計60万部",
    "sourceDesc": "コミカライズ9巻帯",
    "isbn": "4047288152",
    "oldData": {
      "sales": "2021/09/15  シリーズ累計60万部",
      "reprint": null
    }
  },
  {
    "title": "僕の部屋がダンジョンの休憩所になってしまった件",
    "salesValue": 590000,
    "recordDate": "2022-02-14",
    "salesDesc": "(紙・電子合わせ)シリーズ累計59万部突破",
    "sourceDesc": "コミカライズ6巻帯",
    "isbn": "4797387890",
    "oldData": {
      "sales": "2022/02/14  (紙・電子合わせ)シリーズ累計59万部突破\n2021/03/27  (紙・電子合わせ)シリーズ累計40万部突破\n2019/07/29  コミックス版シリーズ累計15万部突破\n2017/12/**  コミックス5万部突破",
      "reprint": null
    }
  },
  {
    "title": "いずれ最強の錬金術師？",
    "salesValue": 590000,
    "recordDate": "2021-12-15",
    "salesDesc": "累計59万部突破(電子含む)",
    "sourceDesc": "<a href=\"https://www.amazon.co.jp/dp/4434297287\">原作11巻帯</a>",
    "isbn": "443424342X",
    "oldData": {
      "sales": "2021/12/15  累計59万部突破（電子含む）\n2021/09/22  シリーズ累計56万部突破（電子含む）\n2021/08/23  累計51万部突破（電子含む）\n2021/05/19  累計41万部突破（電子含む）\n2020/12/18  シリーズ累計40万部（電子含む）\n2020/11/17  累計35万部突破（電子含む）\n2020/03/19  シリーズ累計25万部突破（電子含む）\n2020/02/20  シリーズ累計24万部突破（電子含む）\n2019/10/23  累計15万部突破\n2019/06/20  累計14万部突破\n2019/03/**  シリーズ累計10万部突破",
      "reprint": null
    }
  },
  {
    "title": "マギクラフト・マイスター",
    "salesValue": 580000,
    "recordDate": "2022-03-24",
    "salesDesc": "シリーズ累計58万部突破※紙＆電子書籍の合算",
    "sourceDesc": "<a href=\"https://twitter.com/KoderaWorks/status/1506966318674677765\">コミカライズ9巻帯</a>",
    "isbn": "4040660951",
    "oldData": {
      "sales": "2022/03/24  シリーズ累計58万部突破（※紙＆電子書籍の合算）",
      "reprint": null
    }
  },
  {
    "title": "なれる！SE",
    "salesValue": 580000,
    "recordDate": "2015-10-04",
    "salesDesc": "累計58万部突破",
    "sourceDesc": "電撃文庫総合目録2015",
    "isbn": "4048686054",
    "oldData": {
      "sales": null,
      "reprint": null
    }
  },
  {
    "title": "じい様が行く　『いのちだいじに』異世界ゆるり旅",
    "salesValue": 580000,
    "recordDate": "2022-04-06",
    "salesDesc": "累計58万部(電子含む)",
    "sourceDesc": "<a href=\"https://www.amazon.co.jp/dp/443430206X\">原作文庫版3巻帯</a>",
    "isbn": "4434242245",
    "oldData": {
      "sales": "2022/04/06  累計58万部（電子含む）\n2022/02/07  累計56万部（電子含む）\n2021/10/21  シリーズ累計55万部（電子合算）\n2021/04/20  シリーズ累計45万部（電子含む）\n2020/10/22  シリーズ累計37万部（電子含む）\n2020/06/04  シリーズ累計28万部（電子含む）\n2019/11/19  シリーズ累計20万部\n2019/03/**  シリーズ累計13万部\n2018/09/**  シリーズ累計7万部",
      "reprint": null
    }
  },
  {
    "title": "白の皇国物語",
    "salesValue": 570000,
    "recordDate": "2019-03",
    "salesDesc": "シリーズ累計57万部",
    "sourceDesc": "コミカライズ8巻帯",
    "isbn": "4434157728",
    "oldData": {
      "sales": null,
      "reprint": null
    }
  },
  {
    "title": "境界迷宮と異界の魔術師",
    "salesValue": 560000,
    "recordDate": "2022-02-22",
    "salesDesc": "シリーズ累計(紙+電子)56万部突破",
    "sourceDesc": "コミカライズ7巻帯",
    "isbn": "4865540520",
    "oldData": {
      "sales": "2022/02/22  シリーズ累計(紙+電子)56万部突破\n2021/01/20  シリーズ累計(紙+電子)45万部突破\n2020/07/18  シリーズ累計(紙+電子)35万部突破",
      "reprint": null
    }
  },
  {
    "title": "優しい死神の飼い方",
    "salesValue": 550000,
    "recordDate": "2022-04-27",
    "salesDesc": "シリーズ累計55万部突破",
    "sourceDesc": "<a href=\"https://prtimes.jp/main/html/rd/p/000000952.000048095.html\">株式会社マイクロマガジン社プレリリース</a>",
    "isbn": "4334772897",
    "oldData": {
      "sales": "2022/04/27  シリーズ累計55万部突破\n2022/04/07  文庫だけで累計50万部突破\n2021/05/18  シリーズ47万部突破\n2021/04/20  累計40万部突破\n2018/01/10  累計22万部突破",
      "reprint": null
    }
  },
  {
    "title": "ワケあり生徒会！",
    "salesValue": 550000,
    "recordDate": "2022-03-28",
    "salesDesc": "シリーズ累計55万部突破(紙+電子合算)",
    "sourceDesc": "コミカライズ5巻帯",
    "isbn": "4048911740",
    "oldData": {
      "sales": null,
      "reprint": null
    }
  },
  {
    "title": "准教授・高槻彰良の推察",
    "salesValue": 550000,
    "recordDate": "2022-03-10",
    "salesDesc": "累計55万部突破(コミック・電子を含む。2022年3月現在)",
    "sourceDesc": "<a href=\"https://twitter.com/mikage_sawamura/status/1501918493138063364\">原作7巻帯</a>",
    "isbn": "4041075327",
    "oldData": {
      "sales": "2022/03/10  累計55万部突破（コミック・電子を含む。2022年3月現在）\n2021/07/27  シリーズ累計25万部（電子書籍含む)突煤j",
      "reprint": "10刷  2020/07/17決定\n**刷  2020/06/29決定\n**刷  2020/06/09決定\n**刷  2020/02/27決定"
    }
  },
  {
    "title": "非オタの彼女が俺の持ってるエロゲに興味津々なんだが……",
    "salesValue": 550000,
    "recordDate": "2022-02-06",
    "salesDesc": "累計55万部突破",
    "sourceDesc": "<a href=\"https://twitter.com/fantasia_bunko/status/1490279394761318402\">富士見ファンタジア文庫公式Twitter</a>",
    "isbn": "4040708210",
    "oldData": {
      "sales": "2022/02/06  累計55万部突破",
      "reprint": null
    }
  },
  {
    "title": "魔拳のデイドリーマー",
    "salesValue": 550000,
    "recordDate": "2021-12-16",
    "salesDesc": "シリーズ累計55万部(電子含む)",
    "sourceDesc": "<a href=\"https://www.amazon.co.jp/dp/4434297457\">コミカライズ9巻帯</a>",
    "isbn": "4434191721",
    "oldData": {
      "sales": "2021/12/16  シリーズ累計55万部（電子含む）\n2021/03/26  シリーズ累計51万部（電子含む）\n2020/07/22  シリーズ累計47万部（電子含む）\n2019/12/20  シリーズ累計36万部\n2019/05/25  シリーズ累計34万部突破\n2018/12/**  累計32万部\n2018/09/**  シリーズ累計31万部突破\n2018/09/**  シリーズ累計31万部突破\n2018/09/**  累計29万部\n2018/06/**  累計28万部突破\n2018/02/**  累計27万部突破",
      "reprint": null
    }
  },
  {
    "title": "なぜ僕の世界を誰も覚えていないのか？",
    "salesValue": 550000,
    "recordDate": "2021-10-21",
    "salesDesc": "累計55万部突破※紙本と電子書籍の合算数字となります。2021年10月現在。",
    "sourceDesc": "コミカライズ8巻帯",
    "isbn": "4040693515",
    "oldData": {
      "sales": "2021/10/21  累計55万部突破（※紙本と電子書籍の合算数字となります。2021年10月現在。）\n2019/02/**  シリーズ累計23万部突破\n2018/10/**  シリーズ累計17万部突破",
      "reprint": null
    }
  },
  {
    "title": "脳漿炸裂ガール",
    "salesValue": 550000,
    "recordDate": "2015-12-22",
    "salesDesc": "シリーズ累計55万部突破",
    "sourceDesc": "株式会社ビデックスの記事、(後日れるりり X BOOKS公式HPでも記載)",
    "isbn": "4041011051",
    "oldData": {
      "sales": "2015/12/22  シリーズ累計55万部突破",
      "reprint": "**刷  2020/09/24決定"
    }
  },
  {
    "title": "転生王子はダラけたい",
    "salesValue": 530000,
    "recordDate": "2022-02-17",
    "salesDesc": "シリーズ累計53万部(電子含む)",
    "sourceDesc": "<a href=\"https://www.amazon.co.jp/dp/4434299964\">原作13巻帯</a>",
    "isbn": "4434227106",
    "oldData": {
      "sales": "2022/02/17  シリーズ累計53万部（電子含む）\n2021/07/19  シリーズ累計47万部（電子含む）\n2020/12/17  シリーズ累計42万部（電子含む）\n2020/06/24  シリーズ累計36万部突破（電子含む）\n2020/06/03  シリーズ累計33万部（電子含む）\n2019/10/23  シリーズ累計20万部突破\n2019/05/24  シリーズ累計17万部\n2018/12/**  シリーズ累計14万部\n2018/08/**  累計9万部\n2018/03/**  累計8万部",
      "reprint": null
    }
  },
  {
    "title": "物語の中の人",
    "salesValue": 530000,
    "recordDate": "2021-09-22",
    "salesDesc": "シリーズ累計53万部(電子含む)",
    "sourceDesc": "<a href=\"https://www.amazon.co.jp/dp/4434294113\">コミカライズ8巻帯</a>",
    "isbn": "4434181513",
    "oldData": {
      "sales": null,
      "reprint": null
    }
  },
  {
    "title": "スープ屋しずくの謎解き朝ごはん",
    "salesValue": 520000,
    "recordDate": "2021-11-02",
    "salesDesc": "シリーズ累計52万部突破",
    "sourceDesc": "<a href=\"https://twitter.com/gemi333/status/1455460096905924615\">原作「朝食フェスと決意のグヤーシュ」帯</a>",
    "isbn": "4800234131",
    "oldData": {
      "sales": "2021/11/02  シリーズ累計52万部突破\n2021/01/01  累計47万部突破\n2019/11/27  累計45万部突破\n2018/12/**  累計38万部突破",
      "reprint": null
    }
  },
  {
    "title": "君にさよならを言わない",
    "salesValue": 520000,
    "recordDate": "2016-08",
    "salesDesc": "累計52万部突破",
    "sourceDesc": "原作2巻のあらすじ・内容",
    "isbn": "4800243149",
    "oldData": {
      "sales": "2016/08/**  累計52万部突破",
      "reprint": null
    }
  },
  {
    "title": "新米オッサン冒険者、最強パーティに死ぬほど鍛えられて無敵になる。",
    "salesValue": 500000,
    "recordDate": "2022-04-26",
    "salesDesc": "シリーズ累計50万部突破※電子書籍を含む",
    "sourceDesc": "<a href=\"https://mobile.twitter.com/comic_fire_hj/status/1518847214705311745\">コミカライズ5巻帯</a>",
    "isbn": "4798618268",
    "oldData": {
      "sales": "2022/04/26  シリーズ累計50万部突破（※電子書籍を含む）\n2021/12/24  コミックス1～4巻累計部数35万部（※電子書籍を含む）",
      "reprint": null
    }
  },
  {
    "title": "魔弾の王と凍漣の雪姫",
    "salesValue": 500000,
    "recordDate": "2022-04-19",
    "salesDesc": "シリーズ累計50万部突破",
    "sourceDesc": "<a href=\"https://twitter.com/dx_bunko/status/1516250101412667392\">ダッシュエックス文庫編集部Twitter</a>",
    "isbn": "4086312689",
    "oldData": {
      "sales": "2022/04/19  シリーズ累計50万部突破\n2020/09/18  原作小説シリーズ40万部\n2020/02/21  シリーズ20万部\n2019/09/05  シリーズ累計15万部突破\n2019/05/21  シリーズ累計10万部突破",
      "reprint": null
    }
  },
  {
    "title": "地味で目立たない私は、今日で終わりにします。",
    "salesValue": 500000,
    "recordDate": "2022-03-23",
    "salesDesc": "シリーズ累計50万部突破※紙本と電子の合算数字となります。2022年3月現在。",
    "sourceDesc": "<a href=\"https://twitter.com/comibi/status/1506571459623211011\">コミカライズ4巻帯</a>",
    "isbn": "4047355593",
    "oldData": {
      "sales": "2022/03/23  シリーズ累計50万部突破（※紙本と電子の合算数字となります。2022年3月現在。）\n2021/06/22  シリーズ30万部突破（※紙本と電子書籍の合算数字となります。2021年6月現在。）",
      "reprint": null
    }
  },
  {
    "title": "時々ボソッとロシア語でデレる隣のアーリャさん",
    "salesValue": 500000,
    "recordDate": "2022-03-22",
    "salesDesc": "シリーズ累計50万部突破※紙本と電子書籍の合算数字",
    "sourceDesc": "<a href=\"https://twitter.com/kadokawasneaker/status/1506209068339253250\">原作4巻帯</a>",
    "isbn": "4041111188",
    "oldData": {
      "sales": "2022/03/22  シリーズ累計50万部突破（※紙本と電子書籍の合算数字）\n2021/10/15  累計35万部突破（※紙本と電子書籍の合算数字）\n2021/09/17  1巻＆2巻累計25万突破\n2021/08/18  シリーズ累計20万突破\n2021/06/29  第1巻累計10万突破\n2021/05/28  累計8万5千部突破（※紙本書籍と電子書籍の合算数字となります。）\n2021/05/19  7万部突破（※紙本と電子書籍の合算数字になります。）\n2021/04/16  1巻紙本部数5万部突破",
      "reprint": null
    }
  },
  {
    "title": "その劣等騎士、レベル999",
    "salesValue": 500000,
    "recordDate": "2022-03-07",
    "salesDesc": "累計部数50万部突破",
    "sourceDesc": "コミカライズ6巻帯",
    "isbn": "4815601003",
    "oldData": {
      "sales": "2022/03/07  累計部数50万部突破\n2020/10/24  コミカライズ1巻10万部突破",
      "reprint": null
    }
  },
  {
    "title": "聖剣学院の魔剣使い",
    "salesValue": 500000,
    "recordDate": "2022-02-24",
    "salesDesc": "シリーズ累計50万部突破※紙+電子合算",
    "sourceDesc": "<a href=\"https://twitter.com/shimizuMFJ/status/1496755768313405441\">原作9巻帯</a>",
    "isbn": "4040656725",
    "oldData": {
      "sales": "2022/02/24  シリーズ累計50万部突破（※紙+電子合算）\n2021/04/24  シリーズ累計35万部突破\n2021/01/15  シリーズ累計30万部突破（※紙+電子合算）\n2020/09/17  シリーズ累計24万部突破（※電子版含む）\n2020/01/15  シリーズ累計10万部突破",
      "reprint": "*9刷  2020/07/09決定\n**刷  2020/03/20決定\n**刷  2020/02/22決定\n**刷  2019/11/26決定"
    }
  },
  {
    "title": "巻き込まれて異世界転移する奴は、大抵チート",
    "salesValue": 500000,
    "recordDate": "2022-01-26",
    "salesDesc": "シリーズ累計50万部突破",
    "sourceDesc": "<a href=\"https://tkj.jp/book/?cd=TD025289&amp;path=&amp;s1=\">原作「ETERNAL」あらすじ・内容</a>",
    "isbn": "480024692X",
    "oldData": {
      "sales": "2022/01/26  シリーズ累計50万部突破\n2021/05/14  シリーズ累計43万部突破\n2020/11/16  シリーズ累計39万部突破\n2020/06/08  シリーズ累計35万部突破\n2020/04/11  シリーズ累計33万部突破\n2019/08/09  シリーズ累計28万部突破（原作単行本含む）\n2018/06/**  シリーズ累計20万部突破",
      "reprint": null
    }
  },
  {
    "title": "継母の連れ子が元カノだった",
    "salesValue": 500000,
    "recordDate": "2022-01-26",
    "salesDesc": "シリーズ累計50万部突破(紙・電子の合計数字2021年12月現在)",
    "sourceDesc": "<a href=\"https://twitter.com/tsurekano/status/1486268888900079620\">『継母の連れ子が元カノだった』公式Twitter</a>",
    "isbn": "4041076846",
    "oldData": {
      "sales": "2022/01/26  シリーズ累計50万部突破（紙・電子の合計数字2021年12月現在）\n2021/07/21  シリーズ累計45万部突破\n2020/11/24  シリーズ累計30万部突破（紙本と電子書籍の合算数字）\n2020/08/19  シリーズ累計25万部突破（※紙本と電子書籍の合算数字となります。2020年7月現在）\n2020/03/19  シリーズ累計15万部突破\n2019/12/18  シリーズ累計10万部突破",
      "reprint": "12刷  2020/09/03決定\n**刷  2020/05/07決定\n**刷  2020/03/19決定\n**刷  2020/01/08決定"
    }
  },
  {
    "title": "千剣の魔術師と呼ばれた剣士",
    "salesValue": 500000,
    "recordDate": "2022-01-25",
    "salesDesc": "シリーズ累計50万部突破",
    "sourceDesc": "コミカライズ5巻帯",
    "isbn": "4041064651",
    "oldData": {
      "sales": "2022/01/25  シリーズ累計50万部突破\n2021/06/24  シリーズ累計40万部突破",
      "reprint": null
    }
  },
  {
    "title": "大公妃候補だけど、堅実に行こうと思います",
    "salesValue": 500000,
    "recordDate": "2022-01-21",
    "salesDesc": "シリーズ累計50万部突破※2022年2月現在・電子書籍含む",
    "sourceDesc": "<a href=\"https://twitter.com/comibi/status/1484450702948634630\">コミカライズ4巻帯</a>",
    "isbn": "4041077990",
    "oldData": {
      "sales": "2022/01/21  シリーズ累計50万部突破（※2022年2月現在・電子書籍含む）",
      "reprint": "*3刷  2020/01/07決定"
    }
  },
  {
    "title": "ツンデレ悪役令嬢リーゼロッテと実況の遠藤くんと解説の小林さん",
    "salesValue": 500000,
    "recordDate": "2021-12-24",
    "salesDesc": "シリーズ累計50万部突破",
    "sourceDesc": "<a href=\"https://twitter.com/kadokawabooks/status/1474200892501278722\">カドカワBOOKS編集部Twitter</a>",
    "isbn": "4040730518",
    "oldData": {
      "sales": "2021/12/24  シリーズ累計50万部突破",
      "reprint": null
    }
  },
  {
    "title": "引きこもり令嬢は話のわかる聖獣番",
    "salesValue": 500000,
    "recordDate": "2021-12-22",
    "salesDesc": "シリーズ累計50万部突破(※電子含む)",
    "sourceDesc": "<a href=\"https://twitter.com/comic_zerosum/status/1473607669051441156\">コミカライズ3巻重版帯</a>",
    "isbn": "4758091749",
    "oldData": {
      "sales": "2021/12/22  シリーズ累計50万部突破（※電子含む）\n2021/11/30  10万部突破",
      "reprint": "**刷  2020/03/10決定"
    }
  },
  {
    "title": "元最強の剣士は、異世界魔法に憧れる",
    "salesValue": 500000,
    "recordDate": "2021-12-13",
    "salesDesc": "シリーズ累計50万部突破",
    "sourceDesc": "<a href=\"https://twitter.com/NovelNarou/status/1470306375612133377\">ネット小説大賞公式Twitter</a>",
    "isbn": "4896376544",
    "oldData": {
      "sales": "2021/12/13  シリーズ累計50万部突破\n2021/05/17  シリーズ累計35万部突破\n2021/04/16  シリーズ累計30万部突破\n2020/08/29  累計25万部突破\n2020/02/11  累計20万部突破\n2019/10/18  シリーズ累計15万部突破\n2019/05/28  シリーズ累計10万部突破",
      "reprint": null
    }
  },
  {
    "title": "俺はまだ、本気を出していない",
    "salesValue": 500000,
    "recordDate": "2021-11-22",
    "salesDesc": "シリーズ累計50万部突破",
    "sourceDesc": "<a href=\"https://twitter.com/sacraneco/status/1462642690659520512\">原作7巻帯</a>",
    "isbn": "4086313030",
    "oldData": {
      "sales": "2021/11/22  シリーズ累計50万部突破\n2021/06/16  シリーズ累計40万部突破\n2020/08/16  シリーズ累計20万部突破",
      "reprint": "**刷  2020/02/13決定"
    }
  },
  {
    "title": "裏切られたSランク冒険者の俺は、愛する奴隷の彼女らと共に奴隷だけのハーレムギルドを作る",
    "salesValue": 500000,
    "recordDate": "2021-11-08",
    "salesDesc": "シリーズ累計50万部突破",
    "sourceDesc": "<a href=\"https://twitter.com/dx_bunko/status/1457605041276084225\">ダッシュエックス文庫編集部Twitter</a>",
    "isbn": "4086313049",
    "oldData": {
      "sales": "2021/11/08  シリーズ累計50万部突破\n2021/02/12  シリーズ累計30万部突破",
      "reprint": "*4刷  2020/05/22決定 ／ 2020/06/09出来\n*3刷  2020/01/27決定 ／ 2020/02/14出来"
    }
  },
  {
    "title": "100人の英雄を育てた最強預言者は、冒険者になっても世界中の弟子から慕われてます",
    "salesValue": 500000,
    "recordDate": "2021-11-01",
    "salesDesc": "シリーズ累計50万部突破",
    "sourceDesc": "<a href=\"https://www.shogakukan.co.jp/books/09850839\">コミカライズ6巻あらすじ・内容</a>",
    "isbn": "4094611223",
    "oldData": {
      "sales": "2021/11/01  シリーズ累計50万部突破\n2021/06/17  シリーズ累計40万部突破（※電子書籍を含む）\n2020/12/07  シリーズ累計30万部突破",
      "reprint": null
    }
  },
  {
    "title": "スパイ教室",
    "salesValue": 500000,
    "recordDate": "2021-09-07",
    "salesDesc": "シリーズ累計50万部突破※紙本と電子書籍の合算数字となります。2021年9月現在。",
    "sourceDesc": "<a href=\"https://twitter.com/spy_tomoshibi/status/1435165946973462530\">原作6巻帯</a>",
    "isbn": "4040734807",
    "oldData": {
      "sales": "2021/09/07  シリーズ累計50万部突破（※紙本と電子書籍の合算数字となります。2021年9月現在。）\n2021/05/20  シリーズ累計40万部突破（※紙本と電子書籍の合算数字となります。2021年5月現在。）\n2020/12/19  シリーズ累計20万部突破（※紙本と電子書籍の合算数字となります。2020年12月現在。）\n2020/07/22  シリーズ累計10万部突破",
      "reprint": "**刷  2020/08/28決定\n**刷  2020/07/22決定\n*4刷  2020/03/19決定\n**刷  2020/01/25決定 ／ 2020/02/05出来"
    }
  },
  {
    "title": "友達の妹が俺にだけウザい",
    "salesValue": 500000,
    "recordDate": "2021-08-09",
    "salesDesc": "シリーズ累計50万部突破",
    "sourceDesc": "<a href=\"https://twitter.com/imouza_PR/status/1424701868450607110\">「友達の妹が俺にだけウザい」公式Twitter</a>",
    "isbn": "4815601879",
    "oldData": {
      "sales": "2021/08/09  シリーズ累計50万部突破\n2020/11/11  シリーズ累計40万部突破\n2020/06/26  シリーズ累計25万部突破\n2020/01/20  シリーズ累計20万部突破\n2019/11/06  シリーズ累計10万部突破",
      "reprint": "**刷  2020/11/11決定\n10刷  2020/08/21決定\n**刷  2020/06/26決定\n**刷  2020/04/30決定\n**刷  2020/01/20決定\n**刷  2019/11/26決定"
    }
  },
  {
    "title": "オーダーは探偵に",
    "salesValue": 500000,
    "recordDate": "2021-07-21",
    "salesDesc": "シリーズ累計50万部突破",
    "sourceDesc": "<a href=\"https://twitter.com/mwbunko/status/1417809104899252227\">メディアワークス文庫Twitter</a>",
    "isbn": "4048910841",
    "oldData": {
      "sales": "2021/07/21  シリーズ累計50万部突破\n2019/09/10  シリーズ累計48万部突破\n2017/10/02  シリーズ累計45万部",
      "reprint": null
    }
  },
  {
    "title": "どうやら私の身体は完全無敵のようですね",
    "salesValue": 500000,
    "recordDate": "2021-03-31",
    "salesDesc": "コミックスシリーズ累計50万部突破※紙本と電子書籍の合算数値となります。2021年4月現在。",
    "sourceDesc": "<a href=\"https://twitter.com/fj_dragonage/status/1377229193356963842\">コミカライズ6巻帯</a>",
    "isbn": "489637648X",
    "oldData": {
      "sales": "2021/03/31  コミックスシリーズ累計50万部突破（※紙本と電子書籍の合算数値となります。2021年4月現在。）",
      "reprint": null
    }
  },
  {
    "title": "呪術廻戦",
    "salesValue": 500000,
    "recordDate": "2021-02-12",
    "salesDesc": "小説版累計50万部突破",
    "sourceDesc": "<a href=\"https://twitter.com/JUMP_j_BOOKS/status/1360136558918078467\">ＪＵＭＰ ｊ ＢＯＯＫＳ編集部Twitter</a>",
    "isbn": "4087034763",
    "oldData": {
      "sales": "2021/02/12  小説版累計50万部突破\n2020/03/27  小説版累計10万部突破",
      "reprint": "**刷  2020/03/19決定 ／ 2020/04/01出来"
    }
  },
  {
    "title": "最後の医者は桜を見上げて君を想う",
    "salesValue": 500000,
    "recordDate": "2021-02-10",
    "salesDesc": "累計50万部突破",
    "sourceDesc": "<a href=\"https://tobooks.shop-pro.jp/?pid=156322448\">「僕が殺しました×７」のあらすじ・内容</a>",
    "isbn": "4864725373",
    "oldData": {
      "sales": "2021/02/10  累計50万部突破\n2020/01/05  累計45万部突破\n2018/10/**  シリーズ累計40万部突破\n2018/06/**  シリーズ累計35万部突破",
      "reprint": null
    }
  },
  {
    "title": "剣士を目指して入学したのに魔法適性9999なんですけど!?",
    "salesValue": 500000,
    "recordDate": "2021-01-07",
    "salesDesc": "シリーズ累計50万部突破※紙本と電子書籍の合算。2020年12月現在。",
    "sourceDesc": "コミカライズ7巻帯",
    "isbn": "4797389338",
    "oldData": {
      "sales": "2021/01/07  シリーズ累計50万部突破（※紙本と電子書籍の合算。2020年12月現在。）",
      "reprint": null
    }
  },
  {
    "title": "ヴァイオレット・エヴァーガーデン",
    "salesValue": 500000,
    "recordDate": "2020-11-20",
    "salesDesc": "シリーズ累計発行部数50万部突破",
    "sourceDesc": "KAエスマ文庫編集部Twitter",
    "isbn": "4907064438",
    "oldData": {
      "sales": "2020/11/20  シリーズ累計発行部数50万部突破",
      "reprint": null
    }
  },
  {
    "title": "か「」く「」し「」ご「」と「",
    "salesValue": 500000,
    "recordDate": "2020-11-09",
    "salesDesc": "原作累計50万部突破",
    "sourceDesc": "コミカライズ3巻帯",
    "isbn": "4103508310",
    "oldData": {
      "sales": "2020/11/09  原作累計50万部突破\n2020/03/13  32万部突破\n2019/01/**  31万部\n2018/08/**  30万部突破\n2018/05/**  29万部突破",
      "reprint": "**刷  2020/03/13決定"
    }
  },
  {
    "title": "冒険者になりたいと都に出て行った娘がSランクになってた",
    "salesValue": 500000,
    "recordDate": "2020-08-06",
    "salesDesc": "シリーズ累計50万部突破",
    "sourceDesc": "コミカライズ4巻帯",
    "isbn": "4803011621",
    "oldData": {
      "sales": "2020/08/06  シリーズ累計50万部突破\n2019/05/14  シリーズ累計15万部突破",
      "reprint": null
    }
  },
  {
    "title": "青くて痛くて脆い",
    "salesValue": 500000,
    "recordDate": "2020-08-03",
    "salesDesc": "累計50万部突破",
    "sourceDesc": "株式会社KADOKAWAプレリリース(2020/8/3)「＜累計50万部突破＞住野よる『青くて痛くて脆い』映画公開記念Twitterキャンペーン　8月3日（月）スタート！」",
    "isbn": "4041052068",
    "oldData": {
      "sales": "2020/08/03  累計50万部突破\n2019/03/**  23万部突破\n2018/04/**  20万部突破",
      "reprint": null
    }
  },
  {
    "title": "異世界で『黒の癒し手』って呼ばれています",
    "salesValue": 500000,
    "recordDate": "2019-09-29",
    "salesDesc": "シリーズ累計50万部突破",
    "sourceDesc": "コミカライズ7巻帯",
    "isbn": "4434179330",
    "oldData": {
      "sales": null,
      "reprint": null
    }
  },
  {
    "title": "うちの娘の為ならば、俺はもしかしたら魔王も倒せるかもしれない。",
    "salesValue": 500000,
    "recordDate": "2019-02-20",
    "salesDesc": "小説・コミッ クスの累計発行部数50万部突破",
    "sourceDesc": "各サイトのTVアニメ化記事(2019/2/20)",
    "isbn": "4798609668",
    "oldData": {
      "sales": "2019/02/20  小説・コミッ クスの累計発行部数50万部突破",
      "reprint": null
    }
  },
  {
    "title": "魔王の始め方",
    "salesValue": 500000,
    "recordDate": "2019-01",
    "salesDesc": "シリーズ累計50万部突破",
    "sourceDesc": "コミカライズ5巻限定版帯",
    "isbn": "479920680X",
    "oldData": {
      "sales": "2019/01/**  シリーズ累計50万部突破\n2018/02/**  シリーズ累計40万部突破",
      "reprint": null
    }
  },
  {
    "title": "桜花忍法帖　バジリスク",
    "salesValue": 500000,
    "recordDate": "2018-08",
    "salesDesc": "累計50万部突破",
    "sourceDesc": "コミカライズ4巻帯",
    "isbn": "4062940078",
    "oldData": {
      "sales": "2018/08/**  累計50万部突破",
      "reprint": null
    }
  },
  {
    "title": "覇剣の皇姫アルティーナ",
    "salesValue": 500000,
    "recordDate": "2018-01-18",
    "salesDesc": "シリーズ累計発行部数50万部突破",
    "sourceDesc": "KADOKAWAプレリリース(2018/1/18)「ファミ通文庫『覇剣の皇姫アルティーナ』シリーズ、累計50万部突破！　シリーズ最新巻となる第13巻は2/28発売!!」",
    "isbn": "4047284602",
    "oldData": {
      "sales": "2018/01/18  シリーズ累計発行部数50万部突破",
      "reprint": null
    }
  },
  {
    "title": "異能バトルは日常系のなかで",
    "salesValue": 500000,
    "recordDate": "2016-04-15",
    "salesDesc": "シリーズ累計50万部突破",
    "sourceDesc": "原作11巻あらすじ・内容(ソフトバンククリエイティブHP)",
    "isbn": "4797369914",
    "oldData": {
      "sales": "2016/04/15  シリーズ累計50万部突破",
      "reprint": null
    }
  },
  {
    "title": "最強の職業は勇者でも賢者でもなく鑑定士（仮）らしいですよ？",
    "salesValue": 500000,
    "recordDate": "2022-03-23",
    "salesDesc": "シリーズ累計50万部(電子含む)",
    "sourceDesc": "<a href=\"https://www.amazon.co.jp/dp/4434301004\">コミカライズ6巻帯</a>",
    "isbn": "443423014X",
    "oldData": {
      "sales": "2022/03/23  シリーズ累計50万部（電子含む）\n2021/07/20  シリーズ累計44万部突破（電子含む）\n2020/10/22  シリーズ累計35万部（電子含む）\n2020/02/20  シリーズ累計27万部突破（電子含む）\n2019/03/**  累計16万部\n2018/10/**  シリーズ累計15万部突破\n2018/05/**  累計10万部",
      "reprint": null
    }
  },
  {
    "title": "裏世界ピクニック",
    "salesValue": 500000,
    "recordDate": "2021-03-02",
    "salesDesc": "シリーズ累計50万部",
    "sourceDesc": "<a href=\"https://twitter.com/marumizog/status/1366656094030888963\">原作6巻帯</a>",
    "isbn": "4150312648",
    "oldData": {
      "sales": "2021/03/02  シリーズ累計50万部\n2020/12/05  累計20万部突破\n2018/12/**  シリーズ累計5万部突破",
      "reprint": null
    }
  },
  {
    "title": "おっさん冒険者ケインの善行",
    "salesValue": 500000,
    "recordDate": "2020-09-07",
    "salesDesc": "シリーズ累計50万部",
    "sourceDesc": "マンガUP!Twitter",
    "isbn": "4797395877",
    "oldData": {
      "sales": "2020/09/07  シリーズ累計50万部\n2020/02/22  30万部突破\n2019/11/18  累計20万部突破（書籍+電子）",
      "reprint": null
    }
  },
  {
    "title": "メイドから母になりました",
    "salesValue": 490000,
    "recordDate": "2021-10-27",
    "salesDesc": "シリーズ累計49万部突破(電子含む)",
    "sourceDesc": "<a href=\"https://www.amazon.co.jp/dp/4434295152\">コミカライズ8巻帯</a>",
    "isbn": "4434201972",
    "oldData": {
      "sales": "2021/10/27  シリーズ累計49万部突破（電子含む）\n2021/02/24  シリーズ累計40万部突破（電子含む）\n2019/02/**  シリーズ累計12万部突破\n2018/06/**  シリーズ累計10万部突破",
      "reprint": null
    }
  },
  {
    "title": "転生して田舎でスローライフをおくりたい",
    "salesValue": 470000,
    "recordDate": "2022-01-25",
    "salesDesc": "シリーズ累計47万部突破",
    "sourceDesc": "コミカライズ8巻帯",
    "isbn": "4800259851",
    "oldData": {
      "sales": "2022/01/25  シリーズ累計47万部突破\n2021/11/22  シリーズ累計46万部突破\n2021/02/05  シリーズ累計40万部突破\n2020/10/05  シリーズ累計36万部突破\n2020/07/05  シリーズ累計33万部突破\n2020/05/03  シリーズ累計(文庫含め)30万部突破\n2019/09/09  シリーズ累計20万部突破\n2018/11/**  シリーズ累計16万部突破\n2018/05/**  シリーズ累計15万部突破",
      "reprint": null
    }
  },
  {
    "title": "絶対に働きたくないダンジョンマスターが惰眠をむさぼるまで",
    "salesValue": 460000,
    "recordDate": "2021-11-20",
    "salesDesc": "シリーズ累計46万部突破(紙+電子)",
    "sourceDesc": "コミカライズ6巻帯",
    "isbn": "4865541187",
    "oldData": {
      "sales": "2021/11/20  シリーズ累計46万部突破（紙+電子）\n2021/04/20  シリーズ累計40万部突破（紙+電子）\n2018/10/03  シリーズ累計10万部突破",
      "reprint": null
    }
  },
  {
    "title": "【修復】スキルが万能チート化したので、武器屋でも開こうかと思います",
    "salesValue": 460000,
    "recordDate": "2022-03-25",
    "salesDesc": "シリーズ累計46万部(紙+電子)",
    "sourceDesc": "<a href=\"https://twitter.com/yukimimi1024/status/1507191292870111249\">コミカライズ4巻帯</a>",
    "isbn": "4040731743",
    "oldData": {
      "sales": "2022/03/25  シリーズ累計46万部（紙+電子）\n2021/05/28  シリーズ累計35万部突破（紙+電子）\n2020/09/29  シリーズ累計20万部突破（紙+電子）",
      "reprint": null
    }
  },
  {
    "title": "一億年ボタンを連打した俺は、気付いたら最強になっていた　～落第剣士の学院無双～",
    "salesValue": 450000,
    "recordDate": "2022-04-20",
    "salesDesc": "シリーズ累計45万部突破※紙本と電子書籍の合算数字となります。2022年3月現在",
    "sourceDesc": "原作9巻帯",
    "isbn": "4040733185",
    "oldData": {
      "sales": "2022/04/20  シリーズ累計45万部突破（※紙本と電子書籍の合算数字となります。2022年3月現在）\n2021/11/17  シリーズ累計35万部突破（※紙本と電子書籍の合算数字となります。2021年10月現在）\n2021/06/16  シリーズ累計30万部突破（※紙本と電子書籍の合算数字となります。2021年6月現在）\n2021/02/10  シリーズ累計20万部突破",
      "reprint": "**刷  2020/10/01決定\n**刷  2020/07/06決定\n**刷  2020/06/01決定\n**刷  2020/01/27決定\n**刷  2019/12/10決定\n**刷  2019/11/07決定"
    }
  },
  {
    "title": "妃教育から逃げたい私",
    "salesValue": 450000,
    "recordDate": "2022-02-22",
    "salesDesc": "累計45万部突破",
    "sourceDesc": "<a href=\"https://twitter.com/pashcomics/status/1496039560177983492\">コミカライズ3巻帯</a>",
    "isbn": "439115322X",
    "oldData": {
      "sales": "2022/02/22  累計45万部突破",
      "reprint": null
    }
  },
  {
    "title": "冒険家になろう！　～スキルボードでダンジョン攻略～",
    "salesValue": 450000,
    "recordDate": "2022-02-14",
    "salesDesc": "シリーズ累計45万部突破",
    "sourceDesc": "コミカライズ6巻帯",
    "isbn": "4575241075",
    "oldData": {
      "sales": "2022/02/14  シリーズ累計45万部突破\n2021/07/28  シリーズ累計40万部突破",
      "reprint": null
    }
  },
  {
    "title": "JKハルは異世界で娼婦になった",
    "salesValue": 450000,
    "recordDate": "2021-07-08",
    "salesDesc": "累計45万部突破(単行本+電子)",
    "sourceDesc": "コミカライズ4巻帯",
    "isbn": "415209737X",
    "oldData": {
      "sales": "2021/07/08  累計45万部突破（単行本+電子）\n2020/11/09  累計30万部突破（単行本+電子）\n2020/04/09  累計15万部突破（単行本+電子）",
      "reprint": null
    }
  },
  {
    "title": "今日から俺はロリのヒモ！",
    "salesValue": 450000,
    "recordDate": "2019-06-20",
    "salesDesc": "累計45万部突破",
    "sourceDesc": "コミカライズ2巻帯",
    "isbn": "4040686357",
    "oldData": {
      "sales": "2019/06/20  累計45万部突破",
      "reprint": null
    }
  },
  {
    "title": "5人の王",
    "salesValue": 450000,
    "recordDate": "2021-03-22",
    "salesDesc": "シリーズ累計45万部",
    "sourceDesc": "コミカライズ6巻帯",
    "isbn": "4861346509",
    "oldData": {
      "sales": null,
      "reprint": null
    }
  },
  {
    "title": "戦慄の魔術師と五帝獣",
    "salesValue": 440000,
    "recordDate": "2022-04-04",
    "salesDesc": "シリーズ累計44万部突破(※電子含む)",
    "sourceDesc": "<a href=\"https://twitter.com/totsuakita/status/1510920659261861891\">コミカライズ6巻帯</a>",
    "isbn": "4800245877",
    "oldData": {
      "sales": "2022/04/04  シリーズ累計44万部突破（※電子含む）\n2021/11/06  シリーズ累計23万部突破（※電子含む）\n2021/05/07  シリーズ累計18万部突破（※電子含む）\n2020/06/08  シリーズ累計14万部突破\n2019/07/04  シリーズ累計11万部突破",
      "reprint": null
    }
  },
  {
    "title": "＜Infinite Dendrogram＞―インフィニット・デンドログラム―",
    "salesValue": 440000,
    "recordDate": "2019-01",
    "salesDesc": "44万部突破",
    "sourceDesc": "TVアニメ公式サイト",
    "isbn": "4798613258",
    "oldData": {
      "sales": "2019/01/**  44万部突破",
      "reprint": null
    }
  },
  {
    "title": "猫と竜",
    "salesValue": 430000,
    "recordDate": "2021-11-10",
    "salesDesc": "シリーズ累計43万部突破※電子書籍含む",
    "sourceDesc": "<a href=\"https://twitter.com/konorano_jp/status/1458419722475565060\">原作「王子と竜と七英雄」帯</a>",
    "isbn": "4800253012",
    "oldData": {
      "sales": "2021/11/10  シリーズ累計43万部突破（※電子書籍含む）\n2021/08/06  シリーズ累計42万部突破（※電子書籍含む）\n2020/11/20  シリーズ累計30万部突破\n2020/04/11  シリーズ累計25万部突破\n2020/02/06  シリーズ累計22万部突破\n2019/10/04  シリーズ累計20万部突破\n2019/06/03  シリーズ累計18万部突破\n2018/07/**  累計10万部突破",
      "reprint": null
    }
  },
  {
    "title": "マグダラで眠れ",
    "salesValue": 430000,
    "recordDate": "2015-10-04",
    "salesDesc": "累計43万部突破",
    "sourceDesc": "電撃文庫総合目録2015",
    "isbn": "4048867288",
    "oldData": {
      "sales": "2015/10/04  累計43万部突破",
      "reprint": null
    }
  },
  {
    "title": "しあわせ食堂の異世界ご飯",
    "salesValue": 425000,
    "recordDate": "2021-06-09",
    "salesDesc": "シリーズ累計10万部突破",
    "sourceDesc": "<a href=\"https://twitter.com/fduki_maro/status/1402541728024776706\">コミカライズ3巻帯</a>",
    "isbn": "4813705286",
    "oldData": {
      "sales": "2022/04/06  シリーズ累計40万部突破（電子+紙）\n2021/06/09  シリーズ累計10万部突破\n2020/02/10  累計42万5千部突破（紙+電子 弊社調べ）\n2019/09/27  原作小説累計7万部",
      "reprint": null
    }
  },
  {
    "title": "生活魔術師シリーズ",
    "salesValue": 420000,
    "recordDate": "2022-03-02",
    "salesDesc": "シリーズ累計42万部突破(電子含む)",
    "sourceDesc": "<a href=\"https://twitter.com/hoshinewone/status/1498862153767731206\">コミカライズ「世界樹に挑む」帯</a>",
    "isbn": "480027964X",
    "oldData": {
      "sales": "2022/03/02  シリーズ累計42万部突破（電子含む）\n2021/09/29  シリーズ累計25万部突破（電子含む）\n2021/08/06  シリーズ累計22万部突破\n2021/04/08  シリーズ累計20万部突破\n2020/12/14  シリーズ累計17万部突破\n2020/07/15  シリーズ累計13万部突破\n2020/05/12  シリーズ累計10万部突破",
      "reprint": null
    }
  },
  {
    "title": "コンビニたそがれ堂",
    "salesValue": 420000,
    "recordDate": "2020-04-04",
    "salesDesc": "シリーズ累計42万部突破",
    "sourceDesc": "読売新聞広告",
    "isbn": "4591114163",
    "oldData": {
      "sales": "2020/04/04  シリーズ累計42万部突破\n2019/01/28  累計40万部突破",
      "reprint": null
    }
  },
  {
    "title": "蛟堂報復録",
    "salesValue": 410000,
    "recordDate": "2017-07",
    "salesDesc": "累計41万部突破",
    "sourceDesc": "コミカライズ8巻帯",
    "isbn": "443413101X",
    "oldData": {
      "sales": null,
      "reprint": null
    }
  },
  {
    "title": "今夜、世界からこの恋が消えても",
    "salesValue": 400000,
    "recordDate": "2022-04-27",
    "salesDesc": "累計40万部突破",
    "sourceDesc": "<a href=\"https://twitter.com/mwbunko/status/1519134868025663488\">メディアワークス文庫Twitter</a>",
    "isbn": "404913019X",
    "oldData": {
      "sales": "2022/04/27  累計40万部突破",
      "reprint": "*6刷  2020/11/14決定\n*5刷  2020/07/30決定\n*4刷  2020/07/03決定\n*3刷  2020/06/06決定"
    }
  },
  {
    "title": "奴隷転生　～その奴隷、最強の元王子につき～",
    "salesValue": 400000,
    "recordDate": "2022-04-07",
    "salesDesc": "累計40万部突破",
    "sourceDesc": "<a href=\"https://twitter.com/karayumi_desuyo/status/1512019638762172417\">コミカライズ7巻帯</a>",
    "isbn": "406520674X",
    "oldData": {
      "sales": "2022/04/07  累計40万部突破\n2022/02/09  累計30万部突破\n2021/12/09  累計20万部突破\n2021/10/08  累計15万部突破\n2021/08/06  累計10万部突破",
      "reprint": null
    }
  },
  {
    "title": "ガベージブレイブ　【異世界に召喚され捨てられた勇者の復讐物語】",
    "salesValue": 400000,
    "recordDate": "2022-03-14",
    "salesDesc": "コミカライズ版シリーズ累計40万部突破",
    "sourceDesc": "<a href=\"https://twitter.com/runakina/status/1503167133995331585\">コミカライズ4巻帯</a>",
    "isbn": "4891995246",
    "oldData": {
      "sales": "2022/03/14  コミカライズ版シリーズ累計40万部突破",
      "reprint": null
    }
  },
  {
    "title": "悪役令嬢、セシリア・シルビィは死にたくないので男装することにした。",
    "salesValue": 400000,
    "recordDate": "2022-03-11",
    "salesDesc": "シリーズ累計40万部突破(※紙・電子の合算となります)",
    "sourceDesc": "<a href=\"https://twitter.com/FlosComic/status/1502245894338785281\">コミカライズ4巻帯</a>",
    "isbn": "4041085187",
    "oldData": {
      "sales": "2022/03/11  シリーズ累計40万部突破（※紙・電子の合算となります）\n2021/07/31  シリーズ累計25万部突破（※紙・電子の合算となります）\n2021/05/22  シリーズ累計20万部突破（※紙・電子の合算）",
      "reprint": "**刷  2020/09/24決定\n**刷  2019/11/26決定"
    }
  },
  {
    "title": "目覚めたら最強装備と宇宙船持ちだったので、一戸建て目指して傭兵として自由に生きたい",
    "salesValue": 400000,
    "recordDate": "2022-03-03",
    "salesDesc": "シリーズ累計40万部突破※2022年2月現在 紙本と電子書籍の合算部数です。",
    "sourceDesc": "<a href=\"https://twitter.com/ryuto1744/status/1499261797513134084\">原作7巻帯</a>",
    "isbn": "4040731921",
    "oldData": {
      "sales": "2022/03/03  シリーズ累計40万部突破（※2022年2月現在 紙本と電子書籍の合算部数です。）\n2021/09/28  シリーズ累計30万部突破（※2021年9月現在 紙本と電子書籍の合算部数です。）",
      "reprint": null
    }
  },
  {
    "title": "転生王女と天才令嬢の魔法革命",
    "salesValue": 180000,
    "recordDate": "2022-02-02",
    "salesDesc": "シリーズ累計18万部突破(紙・電子合算)",
    "sourceDesc": "<a href=\"https://twitter.com/Ume_boC/status/1488764833462099968\">コミカライズ3巻帯</a>",
    "isbn": "4040734769",
    "oldData": {
      "sales": "2022/02/02  シリーズ累計18万部突破（紙・電子合算）",
      "reprint": null
    }
  },
  {
    "title": "魔道祖師",
    "salesValue": 400000,
    "recordDate": "2022-01-14",
    "salesDesc": "累計40万部突破",
    "sourceDesc": "<a href=\"https://twitter.com/dariaseries_uni/status/1481823512545435650\">ダリアシリーズユニTwitter</a>",
    "isbn": "4866574127",
    "oldData": {
      "sales": "2022/01/14  累計40万部突破\n2021/10/04  累計35万部突破",
      "reprint": null
    }
  },
  {
    "title": "パーティーから追放されたその治癒師、実は最強につき",
    "salesValue": 400000,
    "recordDate": "2021-12-14",
    "salesDesc": "累計40万部突破",
    "sourceDesc": "コミカライズ4巻帯",
    "isbn": "4575241482",
    "oldData": {
      "sales": "2021/12/14  累計40万部突破\n2021/06/14  累計30万部突破",
      "reprint": null
    }
  },
  {
    "title": "公女殿下の家庭教師",
    "salesValue": 400000,
    "recordDate": "2021-11-20",
    "salesDesc": "シリーズ累計40万部突破※コミックス、電子含む(2021年11月時点)",
    "sourceDesc": "原作10巻帯、<a href=\"https://twitter.com/koujodenka/status/1461968596675014662\">『公女殿下の家庭教師』『辺境都市の育成者』公式Twitter</a>",
    "isbn": "4040730216",
    "oldData": {
      "sales": "2021/11/20  シリーズ累計40万部突破（※コミックス、電子含む(2021年11月時点)）\n2021/07/15  累計30万部突破（※コミックス、電子含む(2021年7月時点)）\n2020/11/19  シリーズ累計20万部突破（※コミックス、電子含む(2020年11月時点)）",
      "reprint": "**刷  2020/09/14決定\n**刷  2020/03/06決定\n**刷  2019/09/18決定\n**刷  2019/08/16決定\n**刷  2019/06/09決定\n**刷  2019/03/29決定\n**刷  2019/03/02決定\n**刷  2019/01/08決定"
    }
  },
  {
    "title": "商人勇者は異世界を牛耳る！　～栽培スキルでなんでも増やしちゃいます～",
    "salesValue": 400000,
    "recordDate": "2021-11-12",
    "salesDesc": "シリーズ累計40万部突破",
    "sourceDesc": "<a href=\"https://www.amazon.co.jp/dp/4800011477\">コミカライズ5巻帯</a>",
    "isbn": "4040651715",
    "oldData": {
      "sales": "2021/11/12  シリーズ累計40万部突破\n2021/04/10  シリーズ累計30万部突破",
      "reprint": null
    }
  },
  {
    "title": "異世界でスローライフを（願望）",
    "salesValue": 400000,
    "recordDate": "2021-10-13",
    "salesDesc": "シリーズ累計(紙+電子)40万部突破",
    "sourceDesc": "<a href=\"https://twitter.com/hebi_gardo/status/1448240264183640066\">コミカライズ4巻帯</a>",
    "isbn": "4865543317",
    "oldData": {
      "sales": "2021/10/13  シリーズ累計(紙+電子)40万部突破\n2021/03/01  シリーズ累計(紙+電子)30万部突破",
      "reprint": "**刷  2020/09/14決定"
    }
  },
  {
    "title": "ガチャを回して仲間を増やす　最強の美少女軍団を作り上げろ",
    "salesValue": 400000,
    "recordDate": "2021-08-05",
    "salesDesc": "シリーズ累計40万部突破",
    "sourceDesc": "株式会社マイクロマガジン社プレリリース「<a href=\"https://prtimes.jp/main/html/rd/p/000000643.000048095.html\">声優・加藤英美里さんがナレーション出演！『ガチャを回して仲間を増やす 最強の美少女軍団を作り上げろTHE COMIC』『転生したら剣でした Another Wish』CM動画をYouTubeにて公開！</a>」",
    "isbn": "4896376021",
    "oldData": {
      "sales": "2021/08/05  シリーズ累計40万部突破\n2021/03/17  シリーズ累計30万部突破\n2020/10/23  シリーズ累計25万部突破\n2019/12/12  シリーズ累計15万部突破",
      "reprint": null
    }
  },
  {
    "title": "アラフォー男の異世界通販生活",
    "salesValue": 400000,
    "recordDate": "2021-07-27",
    "salesDesc": "累計40万部突破",
    "sourceDesc": "コミカライズ4巻帯",
    "isbn": "4797396482",
    "oldData": {
      "sales": "2021/07/27  累計40万部突破",
      "reprint": null
    }
  },
  {
    "title": "君に恋をするなんて、ありえないはずだった",
    "salesValue": 400000,
    "recordDate": "2021-07-21",
    "salesDesc": "シリーズ累計40万部突破",
    "sourceDesc": "<a href=\"https://tkj.jp/book/?cd=TD019608&amp;path=&amp;s1=\">原作「課外授業は終わらない」あらすじ・内容</a>",
    "isbn": "4800270294",
    "oldData": {
      "sales": "2021/07/21  シリーズ累計40万部突破\n2019/03/**  シリーズ累計31万部突破\n2019/02/**  シリーズ累計30万部超\n2018/06/**  シリーズ累計26万部突破",
      "reprint": "10刷  ****/**/**決定 ／ 2020/04/21出来"
    }
  },
  {
    "title": "追い出された万能職に新しい人生が始まりました",
    "salesValue": 400000,
    "recordDate": "2021-07-19",
    "salesDesc": "シリーズ累計40万部突破(電子含む)",
    "sourceDesc": "<a href=\"https://www.amazon.co.jp/dp/4434291238/\">原作4巻帯</a>",
    "isbn": "4434257536",
    "oldData": {
      "sales": "2021/07/19  シリーズ累計40万部突破（電子含む）\n2021/01/19  シリーズ累計28万部突破（電子含む）\n2019/10/23  累計5万部\n2019/06/20  累計3.5万部",
      "reprint": null
    }
  },
  {
    "title": "最後の秘境 東京藝大 天才たちのカオスな日常",
    "salesValue": 400000,
    "recordDate": "2021-07-08",
    "salesDesc": "シリーズ累計40万部突破",
    "sourceDesc": "<a href=\"https://twitter.com/dailyshincho/status/1413045190940512259\">デイリー新潮Twitter</a>",
    "isbn": "4103502916",
    "oldData": {
      "sales": "2021/07/08  シリーズ累計40万部突破",
      "reprint": null
    }
  },
  {
    "title": "お隣の天使様にいつの間にか駄目人間にされていた件",
    "salesValue": 400000,
    "recordDate": "2021-06-24",
    "salesDesc": "シリーズ累計40万部突破",
    "sourceDesc": "<a href=\"https://twitter.com/tenshisama_GA/status/1407987107822510080\">原作5巻帯</a>",
    "isbn": "4815602484",
    "oldData": {
      "sales": "2021/06/24  シリーズ累計40万部突破\n2021/03/03  シリーズ累計30万部突破\n2020/09/03  シリーズ累計20万部突破\n2020/04/03  累計10万部突破",
      "reprint": "**刷  2020/12/06決定\n**刷  2020/10/23決定\n**刷  2020/09/16決定\n**刷  2020/08/21決定\n**刷  2020/06/11決定\n**刷  2020/05/13決定\n**刷  2020/04/03決定"
    }
  },
  {
    "title": "最強の種族が人間だった件",
    "salesValue": 400000,
    "recordDate": "2021-05-31",
    "salesDesc": "シリーズ累計40万部突破",
    "sourceDesc": "<a href=\"https://twitter.com/dx_bunko/status/1399252757136101378\">ダッシュエックス文庫編集部Twitter</a>",
    "isbn": "4086311224",
    "oldData": {
      "sales": "2021/05/31  シリーズ累計40万部突破\n2021/01/16  シリーズ累計35万部突破\n2020/08/15  シリーズ累計30万部突破\n2020/03/17  シリーズ累計25万部突破\n2019/05/14  シリーズ累計15万部突破",
      "reprint": null
    }
  },
  {
    "title": "金椛国春秋シリーズ",
    "salesValue": 400000,
    "recordDate": "2020-09-29",
    "salesDesc": "シリーズ累計40万部突破",
    "sourceDesc": "コミカライズ後宮に星は宿る1巻帯",
    "isbn": "4041051983",
    "oldData": {
      "sales": "2020/09/29  シリーズ累計40万部突破\n2019/07/25  シリーズ累計30万部突破\n2019/02/**  シリーズ累計25万部突破",
      "reprint": null
    }
  },
  {
    "title": "お待ちしてます　下町和菓子 栗丸堂",
    "salesValue": 400000,
    "recordDate": "2020-09-12",
    "salesDesc": "累計40万部突破",
    "sourceDesc": "メディアワークス文庫Twitter",
    "isbn": "4048665480",
    "oldData": {
      "sales": "2020/09/12  累計40万部突破\n2020/03/25  累計39万部突破\n2017/10/02  シリーズ累計37万部",
      "reprint": "**刷  ****/**/**決定 ／ 2020/08/21出来"
    }
  },
  {
    "title": "VIPシリーズ",
    "salesValue": 400000,
    "recordDate": "2020-03-03",
    "salesDesc": "シリーズ累計40万部突破(電子含む)",
    "sourceDesc": "原作抱擁火帯",
    "isbn": "4062557932",
    "oldData": {
      "sales": null,
      "reprint": null
    }
  },
  {
    "title": "グランクレスト戦記",
    "salesValue": 400000,
    "recordDate": "2019-08-23",
    "salesDesc": "累計40万部突破(紙+電子)",
    "sourceDesc": "コミカライズ7巻帯",
    "isbn": "4040711149",
    "oldData": {
      "sales": "2019/08/23  累計40万部突破（紙+電子）",
      "reprint": null
    }
  },
  {
    "title": "厨病激発ボーイ",
    "salesValue": 400000,
    "recordDate": "2019-03",
    "salesDesc": "シリーズ関連累計40万部突破",
    "sourceDesc": "原作4巻帯",
    "isbn": "4041036089",
    "oldData": {
      "sales": "2019/03/**  シリーズ関連累計40万部突破\n2018/09/25  累計発行部数30万部超",
      "reprint": "**刷  2019/12/18決定"
    }
  },
  {
    "title": "「夜が明けたら、いちばんに君に会いにいく」シリーズ",
    "salesValue": 400000,
    "recordDate": "2022-01-07",
    "salesDesc": "シリーズ累計40万部",
    "sourceDesc": "スターツ出版株式会社プレリリース「<a href=\"https://prtimes.jp/main/html/rd/p/000001451.000000607.html\">スターツ出版文庫小説大賞が「TikTok賞」を新設。動画投稿の受賞作は「冬野夜空」がノベライズ。「けんご小説紹介」プロデュースによる書籍化も！</a>」",
    "isbn": "4813790119",
    "oldData": {
      "sales": "2022/01/07  シリーズ累計40万部\n2021/04/28  シリーズ累計33万部突破\n2020/05/27  シリーズ累計20万部突破\n2019/02/**  シリーズ累計15万部突破",
      "reprint": "20刷  2020/07/10決定\n19刷  2020/05/08決定\n18刷  2020/01決定"
    }
  },
  {
    "title": "平兵士は過去を夢見る",
    "salesValue": 400000,
    "recordDate": "2021-07-20",
    "salesDesc": "シリーズ累計40万部(電子含む)",
    "sourceDesc": "<a href=\"https://www.amazon.co.jp/dp/443429136X/\">コミカライズ6巻帯</a>",
    "isbn": "4434189654",
    "oldData": {
      "sales": "2021/07/20  シリーズ累計40万部（電子含む）\n2020/08/24  シリーズ累計37万部（電子含む）\n2019/10/24  シリーズ累計22万部\n2019/01/**  累計21万部\n2018/10/**  シリーズ累計20万部突破\n2018/04/**  累計18万部\n2018/01/**  累計17万部突破",
      "reprint": null
    }
  },
  {
    "title": "転生王女は今日も旗を叩き折る",
    "salesValue": 400000,
    "recordDate": "2020-09-07",
    "salesDesc": "シリーズ累計40万部",
    "sourceDesc": "株式会社アニメイトホールディングスプレリリース(2020/9/7)「シリーズ累計40万部『転生王女は今日も旗を叩き折る』松岡禎丞、小林裕介、天﨑滉平ほかドラマCDキャスト追加発表！」",
    "isbn": "4861347963",
    "oldData": {
      "sales": "2020/09/07  シリーズ累計40万部\n2019/09/26  シリーズ累計18万部",
      "reprint": "*4刷  2019/12/13決定"
    }
  },
  {
    "title": "交換ウソ日記",
    "salesValue": 390000,
    "recordDate": "2021-10-16",
    "salesDesc": "シリーズ累計39万部",
    "sourceDesc": "<a href=\"https://twitter.com/bc_e7/status/1449258186683269120\">原作3巻帯</a>",
    "isbn": "4813703119",
    "oldData": {
      "sales": "2021/10/16  シリーズ累計39万部\n2021/07/20  シリーズ累計35万部\n2021/05/09  シリーズ累計33万部突破\n2021/03/03  シリーズ累計32万部\n2021/02/15  累計30万部突破\n2020/12/10  累計22万部突破\n2019/06/26  累計20万部\n2019/04/27  累計18万部突破\n2018/12/**  累計17万部突破\n2018/07/**  累計10万部突破",
      "reprint": "21刷  2020/10/09決定\n20刷  2020/05/08決定\n19刷  2020/01決定"
    }
  },
  {
    "title": "ゆるふわ農家の文字化けスキル",
    "salesValue": 380000,
    "recordDate": "2022-02-07",
    "salesDesc": "シリーズ累計38万部超",
    "sourceDesc": "コミカライズ4巻帯",
    "isbn": "4815601607",
    "oldData": {
      "sales": "2022/02/07  シリーズ累計38万部超\n2021/05/07  シリーズ累計22万部突破",
      "reprint": null
    }
  },
  {
    "title": "博多豚骨ラーメンズ",
    "salesValue": 370000,
    "recordDate": "2018-11-25",
    "salesDesc": "累計37万部突破",
    "sourceDesc": "メディアワークス文庫Twitter",
    "isbn": "404866316X",
    "oldData": {
      "sales": "2018/11/25  累計37万部突破",
      "reprint": null
    }
  },
  {
    "title": "訳あり悪役令嬢は、婚約破棄後の人生を自由に生きる",
    "salesValue": 360000,
    "recordDate": "2021-10-15",
    "salesDesc": "シリーズ累計36万部突破",
    "sourceDesc": "<a href=\"https://twitter.com/ichino_tomizuki/status/1448846091034656771\">コミカライズ作者Twitter</a>",
    "isbn": "4434240099",
    "oldData": {
      "sales": "2021/10/15  シリーズ累計36万部突破\n2021/02/24  シリーズ累計25万部（電子含む）\n2020/11/29  小説+漫画累計15万部突破",
      "reprint": null
    }
  },
  {
    "title": "君の名は。Another Side:Earthbound",
    "salesValue": 360000,
    "recordDate": "2016-12-06",
    "salesDesc": "36万部突破",
    "sourceDesc": "スニーカー文庫公式Twitter",
    "isbn": "4041046599",
    "oldData": {
      "sales": "2016/12/06  36万部突破",
      "reprint": null
    }
  },
  {
    "title": "邪竜転生",
    "salesValue": 360000,
    "recordDate": "2022-01-20",
    "salesDesc": "シリーズ累計36万部(電子含む)",
    "sourceDesc": "<a href=\"https://www.amazon.co.jp/dp/443429900X\">コミカライズ6巻帯</a>",
    "isbn": "4434216740",
    "oldData": {
      "sales": "2022/01/20  シリーズ累計36万部（電子含む）\n2021/02/18  シリーズ累計34万部（電子含む）\n2020/01/25  累計21万部\n2019/01/**  累計19万部\n2018/12/**  累計16万部\n2018/06/**  累計15万部突破",
      "reprint": null
    }
  },
  {
    "title": "令嬢はまったりをご所望。",
    "salesValue": 360000,
    "recordDate": "2021-09-30",
    "salesDesc": "シリーズ累計36万部(電子含む)",
    "sourceDesc": "<a href=\"https://www.amazon.co.jp/dp/4434294164\">コミカライズ3巻帯</a>",
    "isbn": "4434244566",
    "oldData": {
      "sales": "2021/09/30  シリーズ累計36万部（電子含む）\n2020/01/06  コミカライズ1巻2万7千部突破",
      "reprint": null
    }
  },
  {
    "title": "俺と蛙さんの異世界放浪記",
    "salesValue": 360000,
    "recordDate": "2019-03",
    "salesDesc": "シリーズ累計36万部",
    "sourceDesc": "コミカライズ4巻帯",
    "isbn": "4434176978",
    "oldData": {
      "sales": null,
      "reprint": null
    }
  },
  {
    "title": "二度と家には帰りません！",
    "salesValue": 350000,
    "recordDate": "2022-04-15",
    "salesDesc": "シリーズ累計35万部突破(紙+電子)",
    "sourceDesc": "<a href=\"https://twitter.com/OVL_infof/status/1514831885070970889\">オーバーラップノベルスfTwitter</a>",
    "isbn": "4865546502",
    "oldData": {
      "sales": "2022/04/15  シリーズ累計35万部突破（紙+電子）\n2022/03/23  シリーズ累計30万部突破（紙+電子）\n2021/07/30  シリーズ累計25万部突破（紙+電子）",
      "reprint": "**刷  2020/11/16決定"
    }
  },
  {
    "title": "王立魔法学園の最下生　～貧困街上がりの最強魔法師、貴族だらけの学園で無双する～",
    "salesValue": 350000,
    "recordDate": "2022-04-14",
    "salesDesc": "シリーズ累計35万部突破",
    "sourceDesc": "週刊ヤングジャンプ2022年20号掲載56話、<a href=\"https://www.s-manga.net/items/contents.html?isbn=978-4-08-892270-6\">コミカライズ5巻帯</a>",
    "isbn": "4086314002",
    "oldData": {
      "sales": "2022/04/14  シリーズ累計35万部突破\n2022/01/19  シリーズ累計25万部突破\n2021/12/16  コミックス1～3巻累計20万部突破\n2021/10/19  シリーズ累計15万部突破",
      "reprint": null
    }
  },
  {
    "title": "リビルドワールド",
    "salesValue": 350000,
    "recordDate": "2022-04-01",
    "salesDesc": "シリーズ累計35万部突破※紙、電子を含む",
    "sourceDesc": "<a href=\"https://twitter.com/D_shinbungei/status/1509802746614013957\">原作6下巻帯</a>",
    "isbn": "4049123940",
    "oldData": {
      "sales": "2022/04/01  シリーズ累計35万部突破（※紙、電子を含む）\n2022/01/22  シリーズ累計30万部突破（※紙・電子を含む）\n2021/08/06  シリーズ累計25万部突破（※紙・電子を含む）\n2021/03/11  シリーズ累計15万部突破（※紙・電子を含む）\n2020/11/24  シリーズ累計13万部突破（※紙・電子を含む）\n2020/10/24  シリーズ累計10万部突破（※紙・電子含む）",
      "reprint": "**刷  2020/10/24決定"
    }
  },
  {
    "title": "美しい彼",
    "salesValue": 350000,
    "recordDate": "2022-04-01",
    "salesDesc": "シリーズ累計35万部突破(電子書籍の総ダウンロード数をあわせ)",
    "sourceDesc": "<a href=\"https://prtimes.jp/main/html/rd/p/000000417.000016935.html\">徳間書店プレリリース</a>",
    "isbn": "4199007806",
    "oldData": {
      "sales": "2022/04/01  シリーズ累計35万部突破（電子書籍の総ダウンロード数をあわせ）\n2022/01/17  シリーズ累計30万部突破\n2021/12/22  シリーズ累計25万部突破",
      "reprint": null
    }
  },
  {
    "title": "余命3000文字",
    "salesValue": 350000,
    "recordDate": "2022-02-04",
    "salesDesc": "シリーズ累計35万部突破",
    "sourceDesc": "原作「△が降る街」巻帯",
    "isbn": "409406849X",
    "oldData": {
      "sales": "2022/02/04  シリーズ累計35万部突破\n2021/06/30  20万部突破\n2021/06/01  16万部突破\n2021/04/19  13万部突破\n2021/03/16  6万部突破",
      "reprint": null
    }
  },
  {
    "title": "不遇職『鍛冶師』だけど最強です　～気づけば何でも作れるようになっていた男ののんびりスローライフ～",
    "salesValue": 350000,
    "recordDate": "2022-01-07",
    "salesDesc": "シリーズ累計35万部突破",
    "sourceDesc": "コミカライズ5巻帯、<a href=\"https://twitter.com/Inouemagazine/status/1479316119739826176\">イノウエ(週刊少年マガジン編集部)Twitter</a>",
    "isbn": "404073601X",
    "oldData": {
      "sales": "2022/01/07  シリーズ累計35万部突破\n2021/10/08  シリーズ累計30万部突破\n2021/07/09  シリーズ累計20万部突破",
      "reprint": null
    }
  },
  {
    "title": "クロの戦記　異世界転移した僕が最強なのはベッドの上だけのようです",
    "salesValue": 350000,
    "recordDate": "2021-12-22",
    "salesDesc": "シリーズ累計35万部突破",
    "sourceDesc": "<a href=\"https://twitter.com/HJbunko/status/1473579815039086605\">原作8巻帯</a>",
    "isbn": "479861999X",
    "oldData": {
      "sales": "2021/12/22  シリーズ累計35万部突破",
      "reprint": null
    }
  },
  {
    "title": "天国までの49日間",
    "salesValue": 350000,
    "recordDate": "2021-12-17",
    "salesDesc": "累計35万部突破",
    "sourceDesc": "<a href=\"https://twitter.com/xxchihimexx/status/1471829196670652418\">原作「ファーストラブ」帯</a>",
    "isbn": "4813701787",
    "oldData": {
      "sales": "2021/12/17  累計35万部突破\n2020/09/25  シリーズ累計25万部\n2019/07/04  累計20万部突破\n2019/04/03  累計18万部突破",
      "reprint": "20刷  2020/10/09決定\n19刷  2020/10/09決定\n17刷  2020/06/10決定\n**刷  2020/04/10決定"
    }
  },
  {
    "title": "三角の距離は限りないゼロ",
    "salesValue": 350000,
    "recordDate": "2021-08-06",
    "salesDesc": "シリーズ累計35万部突破",
    "sourceDesc": "原作7巻帯",
    "isbn": "4048938290",
    "oldData": {
      "sales": "2021/08/06  シリーズ累計35万部突破\n2020/09/18  シリーズ累計30万部突破\n2020/07/17  シリーズ累計25万部突破\n2020/03/01  シリーズ累計20万部突破\n2019/11/16  シリーズ累計15万部突破\n2019/07/27  シリーズ累計10万部突破",
      "reprint": "**刷  2020/09/18決定\n**刷  2020/07/17決定\n**刷  ****/**/**決定 ／ 2020/03/01出来\n**刷  2019/11/16決定\n**刷  2019/11/01決定"
    }
  },
  {
    "title": "起きたら20年後なんですけど！　～悪役令嬢のその後のその後～",
    "salesValue": 350000,
    "recordDate": "2021-07-21",
    "salesDesc": "累計35万部突破",
    "sourceDesc": "<a href=\"https://twitter.com/Six315/status/1417837081510899714\">作者Twitter</a>",
    "isbn": "4866570741",
    "oldData": {
      "sales": "2021/07/21  累計35万部突破",
      "reprint": null
    }
  },
  {
    "title": "勇者召喚に巻き込まれたけど、異世界は平和でした",
    "salesValue": 350000,
    "recordDate": "2021-05-17",
    "salesDesc": "シリーズ累計35万部突破",
    "sourceDesc": "原作11巻帯",
    "isbn": "477531503X",
    "oldData": {
      "sales": "2021/05/17  シリーズ累計35万部突破\n2020/12/14  シリーズ累計30万部突破",
      "reprint": null
    }
  },
  {
    "title": "遺跡発掘師は笑わない",
    "salesValue": 350000,
    "recordDate": "2020-11-17",
    "salesDesc": "シリーズ累計35万部突破",
    "sourceDesc": "原作「あの時代に続く空」帯",
    "isbn": "4041022975",
    "oldData": {
      "sales": "2020/11/17  シリーズ累計35万部突破\n2019/01/**  シリーズ累計30万部",
      "reprint": null
    }
  },
  {
    "title": "世界最強の後衛　～迷宮国の新人探索者～",
    "salesValue": 350000,
    "recordDate": "2020-03-20",
    "salesDesc": "シリーズ35万部突破",
    "sourceDesc": "コミカライズ3巻帯",
    "isbn": "4040725034",
    "oldData": {
      "sales": "2020/03/20  シリーズ35万部突破\n2019/07/20  シリーズ累計20万部突破",
      "reprint": null
    }
  },
  {
    "title": "文句の付けようがないラブコメ",
    "salesValue": 350000,
    "recordDate": "2020-02-17",
    "salesDesc": "シリーズ35万部突破",
    "sourceDesc": "コミカライズ4巻帯裏",
    "isbn": "408631004X",
    "oldData": {
      "sales": "2020/02/17  シリーズ35万部突破",
      "reprint": null
    }
  },
  {
    "title": "記憶屋",
    "salesValue": 350000,
    "recordDate": "2019-06-04",
    "salesDesc": "シリーズ累計35万部突破",
    "sourceDesc": "原作1～3巻重版帯",
    "isbn": "4041035546",
    "oldData": {
      "sales": "2019/06/04  シリーズ累計35万部突破",
      "reprint": null
    }
  },
  {
    "title": "小説 千本桜",
    "salesValue": 350000,
    "recordDate": "2015-09",
    "salesDesc": "シリーズ累計35万部超",
    "sourceDesc": "HATSUNE MIKU OFFICIAL BLOG",
    "isbn": "4048912194",
    "oldData": {
      "sales": "2015/09/**  シリーズ累計35万部超",
      "reprint": null
    }
  },
  {
    "title": "Eランクの薬師",
    "salesValue": 350000,
    "recordDate": "2022-02-24",
    "salesDesc": "シリーズ累計35万部(電子含む)",
    "sourceDesc": "<a href=\"https://www.amazon.co.jp/dp/4434300024\">コミカライズ5巻帯</a>",
    "isbn": "4434241052",
    "oldData": {
      "sales": "2022/02/24  シリーズ累計35万部（電子含む）\n2021/07/28  シリーズ累計27万部（電子含む）",
      "reprint": null
    }
  },
  {
    "title": "メイデーア転生物語",
    "salesValue": 340000,
    "recordDate": "2022-04-27",
    "salesDesc": "シリーズ累計34万部突破",
    "sourceDesc": "コミカライズ5巻帯",
    "isbn": "4040732782",
    "oldData": {
      "sales": "2022/04/27  シリーズ累計34万部突破\n2021/11/15  シリーズ累計29万部突破\n2021/05/27  シリーズ累計23万部突破\n2020/12/11  シリーズ累計15万部突破（※部数は電子書籍・コミックス含む。）\n2020/08/10  シリーズ累計10万部突破（※コミック、電子書籍の数字含む。）",
      "reprint": "*9刷  2020/11/16決定\n*8刷  2020/10/12決定\n*7刷  2020/09/11決定\n*6刷  2020/07/28決定\n*5刷  2020/04/16決定\n*4刷  2020/01/08決定\n*3刷  2019/11/27決定\n*2刷  2019/10/31決定"
    }
  },
  {
    "title": "元構造解析研究者の異世界冒険譚",
    "salesValue": 340000,
    "recordDate": "2021-10-21",
    "salesDesc": "シリーズ累計34万部(電子含む)",
    "sourceDesc": "<a href=\"https://www.amazon.co.jp/dp/4434295128\">コミカライズ6巻帯</a>",
    "isbn": "4434237829",
    "oldData": {
      "sales": "2021/10/21  シリーズ累計34万部（電子含む）\n2021/04/20  シリーズ累計25万部（電子含む）\n2020/10/22  シリーズ累計22万部（電子含む）\n2020/06/04  シリーズ累計18万部（電子含む）\n2019/10/24  累計12万部\n2019/04/19  累計8.4万部",
      "reprint": null
    }
  },
  {
    "title": "天使の3P!",
    "salesValue": 340000,
    "recordDate": "2017-03-12",
    "salesDesc": "シリーズ累計34万部",
    "sourceDesc": "KADOKAWAニュースリリース",
    "isbn": "4048866273",
    "oldData": {
      "sales": "2017/03/12  シリーズ累計34万部\n2015/10/04  累計26万部突破",
      "reprint": null
    }
  },
  {
    "title": "ダンジョン暮らしの元勇者",
    "salesValue": 310000,
    "recordDate": "2022-03-04",
    "salesDesc": "シリーズ累計31万部を突破(※電子書籍を含む)",
    "sourceDesc": "<a href=\"https://prtimes.jp/main/html/rd/p/000000260.000049835.html\">株式会社キルタイムコミュニケーションプレリリース</a>",
    "isbn": "4799208403",
    "oldData": {
      "sales": "2022/03/04  シリーズ累計31万部を突破（※電子書籍を含む）\n2021/03/18  コミックス累計10万部突破",
      "reprint": null
    }
  },
  {
    "title": "元、落ちこぼれ公爵令嬢です。",
    "salesValue": 300000,
    "recordDate": "2022-04-13",
    "salesDesc": "シリーズ累計30万部突破(原作小説／紙・電子含む)",
    "sourceDesc": "<a href=\"https://twitter.com/ichibusaki/status/1514046275549032450\">コミカライズ3巻帯</a>",
    "isbn": "4800010357",
    "oldData": {
      "sales": "2022/04/13  シリーズ累計30万部突破（原作小説／紙・電子含む）\n2021/09/13  シリーズ累計15万部突破（電子含む）\n2021/06/04  シリーズ累計10万部突破",
      "reprint": null
    }
  },
  {
    "title": "不遇職【鑑定士】が実は最強だった　～奈落で鍛えた最強の【神眼】で無双する～",
    "salesValue": 300000,
    "recordDate": "2022-03-09",
    "salesDesc": "累計30万部突破",
    "sourceDesc": "<a href=\"https://twitter.com/ibarakinokino/status/1501517139827896322\">コミカライズ5巻帯</a>",
    "isbn": "4065209188",
    "oldData": {
      "sales": "2022/03/09  累計30万部突破\n2021/11/09  累計23万部突破",
      "reprint": null
    }
  },
  {
    "title": "処刑少女の生きる道",
    "salesValue": 300000,
    "recordDate": "2022-02-25",
    "salesDesc": "シリーズ累計30万部突破",
    "sourceDesc": "<a href=\"https://twitter.com/virginroad_GA/status/1497154390183985153\">GA文庫「処刑少女の生きる道」公式Twitter</a>",
    "isbn": "4815601186",
    "oldData": {
      "sales": "2022/02/25  シリーズ累計30万部突破\n2020/08/04  シリーズ累計10万部突破",
      "reprint": null
    }
  },
  {
    "title": "ずたぼろ令嬢は姉の元婚約者に溺愛される",
    "salesValue": 300000,
    "recordDate": "2022-01-13",
    "salesDesc": "シリーズ累計30万部突破※紙+電子合計",
    "sourceDesc": "コミカライズ3巻帯",
    "isbn": "4575242675",
    "oldData": {
      "sales": "2022/01/13  シリーズ累計30万部突破（※紙+電子合計）",
      "reprint": null
    }
  },
  {
    "title": "没落予定の貴族だけど、暇だったから魔法を極めてみた",
    "salesValue": 300000,
    "recordDate": "2022-01-03",
    "salesDesc": "シリーズ累計30万部突破(電子書籍を含む)",
    "sourceDesc": "<a href=\"https://tobooks.shop-pro.jp/?pid=165712053\">コミカライズ4巻あらすじ・内容</a>",
    "isbn": "4864729212",
    "oldData": {
      "sales": "2022/01/03  シリーズ累計30万部突破（電子書籍を含む）\n2021/05/16  シリーズ累計20万部（電子書籍を含む）\n2020/10/30  シリーズ累計部数10万部突破（電子書籍含む）",
      "reprint": "*2刷  2020/02/20決定"
    }
  },
  {
    "title": "西野　～学内カースト最下位にして異能世界最強の少年～",
    "salesValue": 300000,
    "recordDate": "2021-12-24",
    "salesDesc": "シリーズ累計30万部突破(電子書籍含む)",
    "sourceDesc": "原作12巻帯",
    "isbn": "4040698592",
    "oldData": {
      "sales": "2021/12/24  シリーズ累計30万部突破（電子書籍含む）\n2020/08/05  シリーズ累計20万部突破",
      "reprint": null
    }
  },
  {
    "title": "北欧貴族と猛禽妻の雪国狩り暮らし",
    "salesValue": 300000,
    "recordDate": "2021-12-23",
    "salesDesc": "シリーズ累計30万部突破",
    "sourceDesc": "<a href=\"https://twitter.com/hokuoukizoku/status/1473844506256867330\">コミカライズ7巻帯</a>",
    "isbn": "4800244617",
    "oldData": {
      "sales": "2021/12/23  シリーズ累計30万部突破\n2021/06/10  シリーズ累計25万部突破\n2020/12/11  シリーズ累計20万部突破",
      "reprint": null
    }
  },
  {
    "title": "最凶の支援職【話術士】である俺は世界最強クランを従える",
    "salesValue": 300000,
    "recordDate": "2021-12-22",
    "salesDesc": "シリーズ累計(紙+電子)30万部突破",
    "sourceDesc": "コミカライズ4巻帯",
    "isbn": "4865546766",
    "oldData": {
      "sales": "2021/12/22  シリーズ累計(紙+電子)30万部突破\n2021/07/10  シリーズ累計(紙+電子)20万部突破",
      "reprint": null
    }
  },
  {
    "title": "リアリスト魔王による聖域なき異世界改革",
    "salesValue": 300000,
    "recordDate": "2021-12-22",
    "salesDesc": "累計30万部突破",
    "sourceDesc": "<a href=\"https://twitter.com/dengeki_maoh/status/1473577279746080775\">電撃マオウ編集部Twitter</a>",
    "isbn": "4049122685",
    "oldData": {
      "sales": "2021/12/22  累計30万部突破\n2021/05/27  コミックス累計20万部突破（※紙書籍・電子書籍有料版累計）\n2020/11/13  コミック版も紙電子累計13万部突破\n2019/12/13  電子版コミカライズ1巻12,000部突破",
      "reprint": null
    }
  },
  {
    "title": "聖女じゃなかったので、王宮でのんびりご飯を作ることにしました",
    "salesValue": 300000,
    "recordDate": "2021-11-15",
    "salesDesc": "シリーズ累計30万部突破※紙本と電子書籍の合算数字となります。2021年11月時点。",
    "sourceDesc": "<a href=\"https://twitter.com/kadokawabooks/status/1460159693645496322\">カドカワBOOKS編集部Twitter</a>",
    "isbn": "4040733452",
    "oldData": {
      "sales": "2021/11/15  シリーズ累計30万部突破（※紙本と電子書籍の合算数字となります。2021年11月時点。）\n2021/03/04  1～3巻累計17万部突破（※紙・電子含む）\n2020/12/04  シリーズ累計15万部突破（※紙本と電子書籍の合算数字となります。2020年12月現在。）\n2020/10/23  コミックス1～2巻累計10万部突破（紙+電子）",
      "reprint": null
    }
  },
  {
    "title": "むかしむかしあるところに、死体がありました。",
    "salesValue": 300000,
    "recordDate": "2021-10-21",
    "salesDesc": "累計30万部突破",
    "sourceDesc": "<a href=\"https://www.amazon.co.jp/dp/4575244546\">原作「むかしむかしあるところに、やっぱり死体がありました。」帯</a>",
    "isbn": "4575241660",
    "oldData": {
      "sales": "2021/10/21  累計30万部突破",
      "reprint": null
    }
  },
  {
    "title": "錆喰いビスコ",
    "salesValue": 300000,
    "recordDate": "2021-10-15",
    "salesDesc": "シリーズ累計30万部突破",
    "sourceDesc": "<a href=\"https://twitter.com/bunko_dengeki/status/1448938112231428102\">電撃文庫Twitter</a>",
    "isbn": "4048936166",
    "oldData": {
      "sales": "2021/10/15  シリーズ累計30万部突破\n2021/03/06  原作累計25万部突破\n2020/06/03  累計20万部突破\n2019/01/**  シリーズ累計10万部突破",
      "reprint": null
    }
  },
  {
    "title": "あの花が咲く丘で、君とまた出会えたら。",
    "salesValue": 300000,
    "recordDate": "2021-09-17",
    "salesDesc": "シリーズ累計30万部突破",
    "sourceDesc": "スターツ出版株式会社プレリリース「<a href=\"https://prtimes.jp/main/html/rd/p/000001404.000000607.html\">シリーズ累計30万部の人気小説『あの花が咲く丘で、君とまた出会えたら。』コミカライズ作品が、新たなWEBヤング誌「電撃コミック レグルス」にて連載開始！</a>」",
    "isbn": "4813701302",
    "oldData": {
      "sales": "2021/09/17  シリーズ累計30万部突破\n2021/05/18  シリーズ累計24万部突破\n2020/10/01  累計10万部突破",
      "reprint": "13刷  2020/12/10決定\n12刷  2020/12/10決定\n11刷  2020/11/10決定\n10刷  2020/10/09決定\n*9刷  2020/10/09決定\n*8刷  2020/09/10決定\n*7刷  2020/08/07決定\n*6刷  2020/07/29決定\n*5刷  2020/06/30決定 ／ 2020/07/上旬出来\n*4刷  2020/06/10決定"
    }
  },
  {
    "title": "ちょっぴり年上でも彼女にしてくれますか？",
    "salesValue": 300000,
    "recordDate": "2020-11-30",
    "salesDesc": "シリーズ累計30万部突破",
    "sourceDesc": "コミカライズ5巻帯",
    "isbn": "4797396857",
    "oldData": {
      "sales": "2020/11/30  シリーズ累計30万部突破\n2019/08/07  シリーズ15万部突破",
      "reprint": null
    }
  },
  {
    "title": "せっかくチートを貰って異世界に転移したんだから、好きなように生きてみたい",
    "salesValue": 300000,
    "recordDate": "2020-08-07",
    "salesDesc": "シリーズ累計30万部突破",
    "sourceDesc": "コミカライズ1巻重版帯",
    "isbn": "4896376730",
    "oldData": {
      "sales": "2020/08/07  シリーズ累計30万部突破",
      "reprint": null
    }
  },
  {
    "title": "活版印刷三日月堂",
    "salesValue": 300000,
    "recordDate": "2019-12-05",
    "salesDesc": "累計30万部突破",
    "sourceDesc": "原作5巻帯",
    "isbn": "4591150410",
    "oldData": {
      "sales": "2019/12/05  累計30万部突破",
      "reprint": null
    }
  },
  {
    "title": "復讐を誓った白猫は竜王の膝の上で惰眠をむさぼる",
    "salesValue": 300000,
    "recordDate": "2019-10-04",
    "salesDesc": "シリーズ累計30万部突破",
    "sourceDesc": "コミカライズ3巻帯",
    "isbn": "4861349370",
    "oldData": {
      "sales": "2019/10/04  シリーズ累計30万部突破",
      "reprint": null
    }
  },
  {
    "title": "生き残り錬金術師は街で静かに暮らしたい",
    "salesValue": 300000,
    "recordDate": "2019-07-13",
    "salesDesc": "シリーズ累計30万部突破",
    "sourceDesc": "原作6巻あらすじ・内容",
    "isbn": "404734849X",
    "oldData": {
      "sales": "2019/07/13  シリーズ累計30万部突破\n2019/01/**  シリーズ累計20万部突破\n2018/08/**  シリーズ累計15万部突破",
      "reprint": null
    }
  },
  {
    "title": "さよならピアノソナタ",
    "salesValue": 300000,
    "recordDate": "2015-10-04",
    "salesDesc": "累計30万部突破",
    "sourceDesc": "電撃文庫総合目録2015",
    "isbn": "484024071X",
    "oldData": {
      "sales": null,
      "reprint": null
    }
  },
  {
    "title": "Free Life Fantasy Online　～人外姫様、始めました～",
    "salesValue": 300000,
    "recordDate": "2022-02-26",
    "salesDesc": "シリーズ累計30万部",
    "sourceDesc": "月刊少年シリウス2022年4月号掲載水曜日のシリウス広告",
    "isbn": "4065141877",
    "oldData": {
      "sales": "2022/02/26  シリーズ累計30万部\n2021/09/26  シリーズ累計24万部\n2021/05/26  累計20万部\n2021/01/21  累計14万部\n2020/10/23  累計10万部",
      "reprint": "**刷  2020/09/04決定"
    }
  },
  {
    "title": "一華後宮料理帖",
    "salesValue": 300000,
    "recordDate": "2020-10-25",
    "salesDesc": "関連累計30万部※紙本と電子書籍の合算数値となります。2020年3月現在。",
    "sourceDesc": "一華後宮料理帖特設サイト(角川ビーンズ文庫)",
    "isbn": "4041041864",
    "oldData": {
      "sales": "2020/10/25  関連累計30万部（※紙本と電子書籍の合算数値となります。2020年3月現在。）\n2018/11/**  関連累計25万部\n2018/02/**  シリーズ累計15万部突破",
      "reprint": null
    }
  },
  {
    "title": "黒の創造召喚師",
    "salesValue": 300000,
    "recordDate": "2020-06-04",
    "salesDesc": "シリーズ累計30万部(電子含む)",
    "sourceDesc": "コミカライズ3巻帯",
    "isbn": "4434202413",
    "oldData": {
      "sales": "2020/06/04  シリーズ累計30万部（電子含む）\n2018/04/**  シリーズ累計20万部\n2018/02/**  累計18万部突破",
      "reprint": null
    }
  },
  {
    "title": "ゆきうさぎのお品書き",
    "salesValue": 300000,
    "recordDate": "2019-06-13",
    "salesDesc": "シリーズ累計30万部",
    "sourceDesc": "原作2～7巻重版帯",
    "isbn": "4086800675",
    "oldData": {
      "sales": "2019/06/13  シリーズ累計30万部\n2018/06/**  シリーズ累計20万部突破",
      "reprint": null
    }
  },
  {
    "title": "異世界から聖女が来るようなので、邪魔者は消えようと思います",
    "salesValue": 290000,
    "recordDate": "2022-03-03",
    "salesDesc": "コミックス累計29万部突破※紙・電子合算",
    "sourceDesc": "コミカライズ3巻帯",
    "isbn": "4041097037",
    "oldData": {
      "sales": "2022/03/03  コミックス累計29万部突破（※紙・電子合算）\n2021/10/09  コミック累計23万部突破",
      "reprint": "**刷  2020/09/24決定"
    }
  },
  {
    "title": "アルゲートオンライン　～侍が参る異世界道中～",
    "salesValue": 290000,
    "recordDate": "2020-09-24",
    "salesDesc": "シリーズ累計29万部(電子含む)",
    "sourceDesc": "コミカライズ4巻帯",
    "isbn": "4434203460",
    "oldData": {
      "sales": "2020/09/24  シリーズ累計29万部（電子含む）\n2019/11/19  シリーズ累計20万部\n2019/01/**  シリーズ累計18万部\n2018/03/**  シリーズ累計14万部",
      "reprint": null
    }
  },
  {
    "title": "地方騎士ハンスの受難",
    "salesValue": 290000,
    "recordDate": "2020-03-23",
    "salesDesc": "シリーズ累計29万部(電子含む)",
    "sourceDesc": "コミカライズ7巻帯",
    "isbn": "443419559X",
    "oldData": {
      "sales": "2020/03/23  シリーズ累計29万部（電子含む）\n2019/08/28  シリーズ累計23万部\n2018/11/**  シリーズ累計22万部\n2018/04/**  累計20万部",
      "reprint": null
    }
  },
  {
    "title": "追放悪役令嬢の旦那様",
    "salesValue": 280000,
    "recordDate": "2022-03-09",
    "salesDesc": "28万部突破",
    "sourceDesc": "<a href=\"https://twitter.com/2kag5fb1/status/1501323314546962435\">原作者Twitter</a>",
    "isbn": "4815603561",
    "oldData": {
      "sales": "2022/03/09  28万部突破\n2022/01/26  紙+電子合わせて22万部突破\n2021/05/19  累計10万部突破",
      "reprint": null
    }
  },
  {
    "title": "鬼人幻燈抄",
    "salesValue": 280000,
    "recordDate": "2022-02-26",
    "salesDesc": "シリーズ累計28万部突破",
    "sourceDesc": "<a href=\"https://www.amazon.co.jp/dp/4575244929\">原作「大正編 終焉の夜」帯</a>",
    "isbn": "4575241857",
    "oldData": {
      "sales": "2022/02/26  シリーズ累計28万部突破\n2021/10/21  シリーズ累計25万部突破\n2021/09/09  シリーズ累計23万部突破\n2021/06/18  シリーズ累計18万部突破\n2021/05/13  シリーズ累計15万部突破\n2021/02/18  シリーズ累計12万部突破",
      "reprint": null
    }
  },
  {
    "title": "聖女になるので二度目の人生は勝手にさせてもらいます　～王太子は、前世で私を振った恋人でした～",
    "salesValue": 280000,
    "recordDate": "2021-04-21",
    "salesDesc": "シリーズ累計28万部突破(※紙・電子の合算となります)",
    "sourceDesc": "<a href=\"https://twitter.com/FlosComic/status/1384831948980297732\">コミカライズ4巻帯</a>",
    "isbn": "4866571365",
    "oldData": {
      "sales": "2021/04/21  シリーズ累計28万部突破（※紙・電子の合算となります）",
      "reprint": null
    }
  },
  {
    "title": "千歳くんはラムネ瓶のなか",
    "salesValue": 280000,
    "recordDate": "2021-02-08",
    "salesDesc": "シリーズ累計28万部突破",
    "sourceDesc": "<a href=\"https://twitter.com/kiwaasa_gagaga/status/1358734764593696769\">ガガガ岩浅Twitter</a>",
    "isbn": "4094517960",
    "oldData": {
      "sales": "2021/02/08  シリーズ累計28万部突破\n2021/01/21  シリーズ累計24万部突破\n2020/11/04  累計20万部突破",
      "reprint": "**刷  2020/11/04決定\n*9刷  2020/09/09決定\n**刷  2020/06/10決定\n**刷  2020/03/10決定\n**刷  2020/02/29決定\n**刷  2020/01/14決定\n**刷  2019/11/12決定"
    }
  },
  {
    "title": "神様に加護2人分貰いました",
    "salesValue": 270000,
    "recordDate": "2022-04-18",
    "salesDesc": "シリーズ累計27万部突破(電子含む)",
    "sourceDesc": "<a href=\"https://www.amazon.co.jp/dp/4434302264\">原作8巻帯</a>",
    "isbn": "4434244019",
    "oldData": {
      "sales": "2022/04/18  シリーズ累計27万部突破（電子含む）\n2021/12/16  シリーズ累計25万部突破（電子含む）\n2021/04/19  シリーズ累計20万部突破（電子含む）\n2021/03/26  シリーズ累計16万部突破（電子含む）\n2020/08/21  累計13万部突破（電子含む）\n2020/03/23  シリーズ累計10万部（電子含む）\n2019/12/19  累計7万部突破\n2019/03/**  累計6万部突破\n2018/10/**  累計4万部突破\n2018/07/**  累計3万部突破",
      "reprint": null
    }
  },
  {
    "title": "死に戻り、全てを救うために最強へと至る",
    "salesValue": 270000,
    "recordDate": "2022-04-11",
    "salesDesc": "＜原作+コミック＞シリーズ累計27万部突破※紙+電子",
    "sourceDesc": "<a href=\"https://twitter.com/MangaONE_jp/status/1513427274078777348\">コミカライズ5巻帯</a>",
    "isbn": "4094611185",
    "oldData": {
      "sales": "2022/04/11  ＜原作+コミック＞シリーズ累計27万部突破（※紙+電子）\n2021/09/09  ＜原作+コミック＞シリーズ累計21万部（※紙+電子）\n2021/02/12  ＜原作+コミック＞シリーズ累計15万部（※紙+電子）",
      "reprint": null
    }
  },
  {
    "title": "ヤンキーは異世界で精霊に愛されます。",
    "salesValue": 270000,
    "recordDate": "2021-10-21",
    "salesDesc": "シリーズ累計27万部突破(電子含む)",
    "sourceDesc": "<a href=\"https://www.amazon.co.jp/dp/4434295101\">コミカライズ5巻帯</a>",
    "isbn": "4434217011",
    "oldData": {
      "sales": "2021/10/21  シリーズ累計27万部突破（電子含む）\n2020/09/24  シリーズ累計23万部突破（電子含む）\n2019/11/19  シリーズ累計14万部突破\n2019/02/**  累計12万部突破\n2018/12/**  シリーズ累計11万部突破\n2018/11/**  累計9万部突破\n2018/09/**  累計8万部突破",
      "reprint": null
    }
  },
  {
    "title": "絶対城先輩の妖怪学講座",
    "salesValue": 265000,
    "recordDate": "2017-10-02",
    "salesDesc": "シリーズ累計26.5万部",
    "sourceDesc": "KADOKAWAニュースリリース",
    "isbn": "4048916149",
    "oldData": {
      "sales": "2017/10/02  シリーズ累計26.5万部",
      "reprint": null
    }
  },
  {
    "title": "神官シリーズ",
    "salesValue": 260000,
    "recordDate": "2022-04-13",
    "salesDesc": "累計26万部突破※紙書籍、電子書籍の編集部推定累計",
    "sourceDesc": "<a href=\"https://twitter.com/CraneMM/status/1514157189014904836\">二見書房　まTwitter</a>",
    "isbn": "4877245081",
    "oldData": {
      "sales": "2022/04/13  累計26万部突破（※紙書籍、電子書籍の編集部推定累計）",
      "reprint": null
    }
  },
  {
    "title": "勘違いの工房主　英雄パーティの元雑用係が、実は戦闘以外がSSSランクだったというよくある話",
    "salesValue": 260000,
    "recordDate": "2022-02-18",
    "salesDesc": "シリーズ累計26万部突破(電子含む)",
    "sourceDesc": "<a href=\"https://www.amazon.co.jp/dp/4434299980\">コミカライズ3巻帯</a>",
    "isbn": "4434257471",
    "oldData": {
      "sales": "2022/02/18  シリーズ累計26万部突破（電子含む）\n2021/05/20  シリーズ累計15万部（電子含む）",
      "reprint": null
    }
  },
  {
    "title": "ネタキャラ仮プレイのつもりが異世界召喚　～迷い人は女性の敵に認定されました～",
    "salesValue": 260000,
    "recordDate": "2021-10-20",
    "salesDesc": "累計26万部突破※紙・電子合算",
    "sourceDesc": "コミカライズ4巻帯",
    "isbn": "4891994231",
    "oldData": {
      "sales": "2021/10/20  累計26万部突破（※紙・電子合算）\n2021/03/23  累計15万部突破（※紙・電子含む）",
      "reprint": null
    }
  },
  {
    "title": "異世界帰りの勇者が現代最強！",
    "salesValue": 260000,
    "recordDate": "2021-03-05",
    "salesDesc": "シリーズ累計26万部突破",
    "sourceDesc": "コミカライズ3巻帯",
    "isbn": "479739692X",
    "oldData": {
      "sales": "2021/03/05  シリーズ累計26万部突破",
      "reprint": null
    }
  },
  {
    "title": "痴漢されそうになっているS級美少女を助けたら隣の席の幼馴染だった",
    "salesValue": 250000,
    "recordDate": "2022-04-18",
    "salesDesc": "シリーズ累計25万部突破",
    "sourceDesc": "<a href=\"https://twitter.com/sawaooooo67/status/1515888585668399106\">さわお（GA文庫）Twitter</a>",
    "isbn": "4815604207",
    "oldData": {
      "sales": "2022/04/18  シリーズ累計25万部突破\n2021/09/17  シリーズ累計20万部突破\n2021/04/29  累計10万部突破\n2020/12/02  原作累計7万部突破",
      "reprint": "*6刷  2020/11/11決定 ／ 2020/11/24出来\n*5刷  2020/10/13決定 ／ 2020/10/22出来\n*4刷  2020/08/21決定\n*3刷  2020/07/22決定\n*2刷  2020/02/18決定"
    }
  },
  {
    "title": "遊び人は賢者に転職できるって知ってました？　～勇者パーティを追放されたLv99道化師、【大賢者】になる～",
    "salesValue": 250000,
    "recordDate": "2022-04-18",
    "salesDesc": "シリーズ累計25万部突破",
    "sourceDesc": "<a href=\"https://www.s-manga.net/items/contents.html?isbn=978-4-08-892265-2\">コミカライズ6巻帯</a>",
    "isbn": "4086312832",
    "oldData": {
      "sales": "2022/04/18  シリーズ累計25万部突破\n2021/09/08  シリーズ累計23万部突破\n2021/01/29  シリーズ累計20万部突破\n2020/08/10  シリーズ累計15万部突破",
      "reprint": null
    }
  },
  {
    "title": "娘じゃなくて私が好きなの!?",
    "salesValue": 250000,
    "recordDate": "2022-04-10",
    "salesDesc": "シリーズ累計25万部突破※紙本と電子書籍の合算数字となります。2022年2月現在",
    "sourceDesc": "原作7巻帯",
    "isbn": "4049126125",
    "oldData": {
      "sales": "2022/04/10  シリーズ累計25万部突破（※紙本と電子書籍の合算数字となります。2022年2月現在）\n2021/01/15  シリーズ累計10万部突破",
      "reprint": "**刷  2020/07/10決定\n*4刷  2020/04/02決定\n*3刷  2020/01/10決定\n*2刷  2019/12/13決定"
    }
  },
  {
    "title": "暴食妃の剣",
    "salesValue": 250000,
    "recordDate": "2022-03-23",
    "salesDesc": "シリーズ累計25万部突破",
    "sourceDesc": "コミカライズ5巻帯",
    "isbn": "4865544720",
    "oldData": {
      "sales": "2022/03/23  シリーズ累計25万部突破\n2021/09/18  シリーズ累計(紙+電子)20万部突破",
      "reprint": null
    }
  },
  {
    "title": "生きてさえいれば",
    "salesValue": 250000,
    "recordDate": "2022-03-18",
    "salesDesc": "25万部突破",
    "sourceDesc": "<a href=\"https://twitter.com/BungeishaNEO/status/1504653831749226496\">文芸社文庫NEOTwitter</a>",
    "isbn": "4286202003",
    "oldData": {
      "sales": "2022/03/18  25万部突破\n2022/02/08  23万部突破\n2021/09/27  20万部突破\n2021/06/16  19万部",
      "reprint": null
    }
  },
  {
    "title": "十三歳の誕生日、皇后になりました。",
    "salesValue": 250000,
    "recordDate": "2022-03-15",
    "salesDesc": "シリーズ累計25万部超",
    "sourceDesc": "<a href=\"https://twitter.com/ishidarinne/status/1503674999349342211\">コミカライズ3巻帯</a>",
    "isbn": "4047353248",
    "oldData": {
      "sales": "2022/03/15  シリーズ累計25万部超",
      "reprint": null
    }
  },
  {
    "title": "満月珈琲店の星詠み",
    "salesValue": 250000,
    "recordDate": "2022-02-28",
    "salesDesc": "シリーズ累計25万部突破",
    "sourceDesc": "<a href=\"https://twitter.com/maimotiduki/status/1498157557877075970\">作者Twitter</a>",
    "isbn": "416791400X",
    "oldData": {
      "sales": "2022/02/28  シリーズ累計25万部突破\n2021/11/15  累計23万部突破\n2021/07/20  10万3000部\n2021/06/07  98000部\n2021/01/15  88000部\n2020/08/31  48000部\n2020/08/23  45000部",
      "reprint": "*5刷  2020/08/31決定\n*4刷  2020/08/23決定"
    }
  },
  {
    "title": "「冬」シリーズ",
    "salesValue": 250000,
    "recordDate": "2022-01-04",
    "salesDesc": "累計25万部突破",
    "sourceDesc": "<a href=\"https://twitter.com/poplar_pureful/status/1478275002801614849\">原作「いつかの冬、終わらない君へ」帯</a>",
    "isbn": "459116215X",
    "oldData": {
      "sales": "2022/01/04  累計25万部突破\n2021/03/29  シリーズ累計20万部突破\n2021/02/06  シリーズ累計19万部突破\n2020/12/22  シリーズ累計17万部突破\n2020/09/01  10万部突破",
      "reprint": "17刷  2020/12/22決定\n15刷  2020/09/01決定\n14刷  2020/06/09決定\n13刷  2020/06/03決定\n12刷  2020/02/17決定\n11刷  2019/12/17決定\n*6刷  2019/05/01決定\n*5刷  2019/04/05決定\n*4刷  2019/03/22決定\n*3刷  2019/02/20決定\n*2刷  2019/02/07決定"
    }
  },
  {
    "title": "鍛冶屋ではじめる異世界スローライフ",
    "salesValue": 250000,
    "recordDate": "2021-10-28",
    "salesDesc": "シリーズ累計25万部突破※紙本と電子書籍の合算数字となります。2021年10月現在。",
    "sourceDesc": "<a href=\"https://twitter.com/kadokawabooks/status/1453657446614913025\">原作5巻帯</a>",
    "isbn": "4040734122",
    "oldData": {
      "sales": "2021/10/28  シリーズ累計25万部突破（※紙本と電子書籍の合算数字となります。2021年10月現在。）\n2021/05/08  シリーズ累計13万部突破（※紙本と電子書籍の合算数字となります。2021年3月現在。）",
      "reprint": "**刷  2020/06/18決定\n**刷  2019/12/18決定"
    }
  },
  {
    "title": "夜に駆ける YOASOBI小説集",
    "salesValue": 250000,
    "recordDate": "2021-09-16",
    "salesDesc": "25万部突破",
    "sourceDesc": "原作文庫版帯",
    "isbn": "4575243213",
    "oldData": {
      "sales": "2021/09/16  25万部突破\n2021/04/28  累計13万部\n2020/11/10  累計部数5万部突破",
      "reprint": "*6刷  2020/11/27決定\n**刷  2020/11/10決定"
    }
  },
  {
    "title": "魔法使いで引きこもり？",
    "salesValue": 250000,
    "recordDate": "2021-07-04",
    "salesDesc": "シリーズ累計25万部突破",
    "sourceDesc": "アキバblog「<a href=\"http://blog.livedoor.jp/geek/archives/51616324.html\">【コラム】シリーズ累計25万部突破の異世界モフモフスローライフ「魔法使いで引きこもり？」第10巻の最新情報をお届け！</a>」",
    "isbn": "4047350117",
    "oldData": {
      "sales": "2021/07/04  シリーズ累計25万部突破\n2020/01/29  シリーズ累計20万部突破（※紙本と電子書籍の合計数字となります。2020年1月現在。）\n2019/02/**  シリーズ累計10万部突破",
      "reprint": null
    }
  },
  {
    "title": "出雲のあやかしホテルに就職します",
    "salesValue": 250000,
    "recordDate": "2021-05-29",
    "salesDesc": "シリーズ累計25万部突破(電子版含む)",
    "sourceDesc": "<a href=\"https://twitter.com/haritarou_/status/1398570564768305155\">原作10巻帯</a>",
    "isbn": "4575519472",
    "oldData": {
      "sales": "2021/05/29  シリーズ累計25万部突破（電子版含む）\n2020/12/02  シリーズ累計20万部突破\n2019/06/12  シリーズ累計15万部突破\n2018/11/**  シリーズ累計10万部突破",
      "reprint": null
    }
  },
  {
    "title": "おいしいベランダ。",
    "salesValue": 250000,
    "recordDate": "2021-01-22",
    "salesDesc": "シリーズ累計25万部突破※2020年12月現在。紙本と電子の合算数字です。",
    "sourceDesc": "<a href=\"https://twitter.com/comibi/status/1352556611827625990\">コミカライズ2巻帯</a>",
    "isbn": "4040708830",
    "oldData": {
      "sales": "2021/01/22  シリーズ累計25万部突破（※2020年12月現在。紙本と電子の合算数字です。）\n2018/09/**  シリーズ累計10万部突破",
      "reprint": null
    }
  },
  {
    "title": "レディローズは平民になりたい",
    "salesValue": 250000,
    "recordDate": "2020-08-04",
    "salesDesc": "シリーズ累計25万部突破(電子書籍含む)",
    "sourceDesc": "コミカライズ4巻帯",
    "isbn": "4041050138",
    "oldData": {
      "sales": "2020/08/04  シリーズ累計25万部突破（電子書籍含む）",
      "reprint": null
    }
  },
  {
    "title": "被虐のノエル",
    "salesValue": 250000,
    "recordDate": "2020-07-22",
    "salesDesc": "シリーズ累計25万部突破",
    "sourceDesc": "コミカライズ6巻帯",
    "isbn": "4047346519",
    "oldData": {
      "sales": "2020/07/22  シリーズ累計25万部突破\n2019/12/14  シリーズ累計24万部突破\n2019/03/25  シリーズ累計20万部突破\n2018/08/**  シリーズ累計15万部突破",
      "reprint": null
    }
  },
  {
    "title": "二度転生した少年はSランク冒険者として平穏に過ごす　～前世が賢者で英雄だったボクは来世では地味に生きる～",
    "salesValue": 250000,
    "recordDate": "2020-04-06",
    "salesDesc": "シリーズ累計25万部突破",
    "sourceDesc": "マンガUP!Twitter",
    "isbn": "4803012571",
    "oldData": {
      "sales": "2020/04/06  シリーズ累計25万部突破",
      "reprint": "*4刷  2020/02/05決定"
    }
  },
  {
    "title": "天才王子の赤字国家再生術　～そうだ、売国しよう～",
    "salesValue": 250000,
    "recordDate": "2020-02-07",
    "salesDesc": "シリーズ累計25万部突破",
    "sourceDesc": "原作6巻帯",
    "isbn": "4797397039",
    "oldData": {
      "sales": "2020/02/07  シリーズ累計25万部突破\n2019/06/19  シリーズ累計12万部突破",
      "reprint": "*8刷  2020/10/23決定\n**刷  2020/07/17決定\n**刷  2019/10/31決定"
    }
  },
  {
    "title": "Bグループの少年",
    "salesValue": 250000,
    "recordDate": "2019-12-19",
    "salesDesc": "シリーズ25万部突破",
    "sourceDesc": "原作7巻帯",
    "isbn": "4434167340",
    "oldData": {
      "sales": null,
      "reprint": null
    }
  },
  {
    "title": "辺境の老騎士",
    "salesValue": 250000,
    "recordDate": "2019-11-11",
    "salesDesc": "累計25万部突破",
    "sourceDesc": "ニコニコ静画",
    "isbn": "4047293652",
    "oldData": {
      "sales": "2019/11/11  累計25万部突破\n2019/04/07  累計20万部突破（紙+電子）\n2019/03/**  もうすぐ累計20万部",
      "reprint": null
    }
  },
  {
    "title": "僕は何度でも、きみに初めての恋をする。",
    "salesValue": 250000,
    "recordDate": "2018-11",
    "salesDesc": "25万部突破",
    "sourceDesc": "原作重版帯",
    "isbn": "4813700438",
    "oldData": {
      "sales": "2018/11/**  25万部突破\n2017/09/**  累計24万部超",
      "reprint": null
    }
  },
  {
    "title": "後宮の花は偽りをまとう",
    "salesValue": 250000,
    "recordDate": "2022-04-25",
    "salesDesc": "シリーズ累計25万部",
    "sourceDesc": "<a href=\"https://twitter.com/monster_futaba/status/1518530267664855044\">コミカライズ5巻帯</a>",
    "isbn": "4575521914",
    "oldData": {
      "sales": "2022/04/25  シリーズ累計25万部\n2021/11/13  シリーズ累計20万部\n2021/05/13  シリーズ累計15万部\n2020/12/23  シリーズ累計15万部\n2020/11/13  シリーズ累計10万部",
      "reprint": null
    }
  },
  {
    "title": "東京すみっこごはん",
    "salesValue": 250000,
    "recordDate": "2020-11-10",
    "salesDesc": "累計25万部突破",
    "sourceDesc": "原作「レシピノートは永遠に」帯",
    "isbn": "4334769500",
    "oldData": {
      "sales": "2020/11/10  累計25万部突破",
      "reprint": null
    }
  },
  {
    "title": "鬼の花嫁",
    "salesValue": 240000,
    "recordDate": "2022-03-12",
    "salesDesc": "シリーズ累計24万部突破",
    "sourceDesc": "<a href=\"https://twitter.com/minadukikureha/status/1502483122600169472\">作者Twitter+リンク先のコミカライズ作品内容</a>",
    "isbn": "4813709931",
    "oldData": {
      "sales": "2022/03/12  シリーズ累計24万部突破\n2021/12/16  シリーズ累計21万部突破\n2021/09/14  シリーズ累計16万部突破\n2021/05/17  シリーズ累計11万部突破",
      "reprint": "*3刷  2020/12/10決定\n*2刷  2020/11/10決定"
    }
  },
  {
    "title": "勇者様の幼馴染という職業の負けヒロインに転生したので、調合師にジョブチェンジします。",
    "salesValue": 240000,
    "recordDate": "2022-03-11",
    "salesDesc": "原作+コミックスシリーズ累計24万部突破(※紙・電子含む)",
    "sourceDesc": "<a href=\"https://twitter.com/FlosComic/status/1502253009958486022\">コミカライズ4巻帯</a>",
    "isbn": "4041086094",
    "oldData": {
      "sales": "2022/03/11  原作+コミックスシリーズ累計24万部突破（※紙・電子含む）",
      "reprint": null
    }
  },
  {
    "title": "京都伏見のあやかし甘味帖",
    "salesValue": 240000,
    "recordDate": "2021-09-07",
    "salesDesc": "シリーズ累計(電子版含む)24万部突破",
    "sourceDesc": "<a href=\"https://tkj.jp/book/?cd=TD020680&amp;path=&amp;s1=\">原作「日吉の神、賀茂の陰陽師」あらすじ・内容</a>",
    "isbn": "4800275296",
    "oldData": {
      "sales": "2021/09/07  シリーズ累計(電子版含む)24万部突破\n2020/10/19  シリーズ累計22万部突破\n2020/01/30  シリーズ累計18万部突破\n2019/06/03  シリーズ累計14万部突破",
      "reprint": null
    }
  },
  {
    "title": "異世界拷問姫",
    "salesValue": 240000,
    "recordDate": "2019-09-24",
    "salesDesc": "シリーズ累計24万部突破",
    "sourceDesc": "原作8巻帯",
    "isbn": "4040681177",
    "oldData": {
      "sales": "2019/09/24  シリーズ累計24万部突破\n2018/03/**  シリーズ累計18万部突破（電子書籍売り上げ含む）",
      "reprint": null
    }
  },
  {
    "title": "いい加減な夜食",
    "salesValue": 240000,
    "recordDate": "2016-10",
    "salesDesc": "シリーズ累計24万部突破",
    "sourceDesc": "コミカライズ2巻帯",
    "isbn": "4434172611",
    "oldData": {
      "sales": null,
      "reprint": null
    }
  },
  {
    "title": "もふもふと異世界でスローライフを目指します！",
    "salesValue": 240000,
    "recordDate": "2021-07-07",
    "salesDesc": "累計24万部(電子含む)",
    "sourceDesc": "<a href=\"https://www.amazon.co.jp/dp/4434291025/\">原作文庫版5巻帯</a>",
    "isbn": "4434247794",
    "oldData": {
      "sales": "2021/07/07  累計24万部（電子含む）\n2021/05/11  累計23万部（電子含む）\n2021/03/04  累計21万部（電子含む）\n2021/01/07  累計15万部（電子含む）\n2020/11/10  累計14万部（電子含む）\n2020/09/23  シリーズ累計13.5万部（電子含む）\n2020/02/20  シリーズ累計8万部（電子含む）\n2019/01/**  累計4万部\n2018/10/**  累計3万部",
      "reprint": null
    }
  },
  {
    "title": "ネメシス",
    "salesValue": 230000,
    "recordDate": "2021-06-15",
    "salesDesc": "シリーズ累計23万部突破",
    "sourceDesc": "<a href=\"https://twitter.com/kodansha_taiga/status/1404721578730946562\">講談社タイガTwitter</a>",
    "isbn": "4065228255",
    "oldData": {
      "sales": "2021/06/15  シリーズ累計23万部突破\n2021/05/14  シリーズ累計20万部突破\n2021/03/25  1～3巻累計15万部突破",
      "reprint": null
    }
  },
  {
    "title": "転生吸血鬼さんはお昼寝がしたい",
    "salesValue": 230000,
    "recordDate": "2019-04-06",
    "salesDesc": "シリーズ23万部突破",
    "sourceDesc": "原作8巻帯",
    "isbn": "4803009120",
    "oldData": {
      "sales": "2019/04/06  シリーズ23万部突破\n2018/09/**  シリーズ累計18万部突破\n2018/07/**  シリーズ累計15万部突破",
      "reprint": null
    }
  },
  {
    "title": "超越者となったおっさんはマイペースに異世界を散策する",
    "salesValue": 230000,
    "recordDate": "2022-03-23",
    "salesDesc": "シリーズ累計23万部(電子含む)",
    "sourceDesc": "<a href=\"https://www.amazon.co.jp/dp/4434301012\">コミカライズ3巻帯</a>",
    "isbn": "4434242261",
    "oldData": {
      "sales": "2022/03/23  シリーズ累計23万部（電子含む）\n2022/01/07  累計21万部（電子含む）\n2021/10/06  累計20万部（電子含む）\n2021/08/04  累計18万部（電子含む）\n2021/05/11  シリーズ累計17万部（電子含む）\n2021/03/26  シリーズ累計15万部突破（電子含む）\n2021/02/04  累計14万部（電子含む）\n2020/10/08  累計13万部（電子含む）\n2020/08/06  累計12万部（電子含む）",
      "reprint": null
    }
  },
  {
    "title": "装備製作系チートで異世界を自由に生きていきます",
    "salesValue": 220000,
    "recordDate": "2021-08-23",
    "salesDesc": "シリーズ累計22万部突破(電子含む)",
    "sourceDesc": "<a href=\"https://www.amazon.co.jp/dp/4434292838/\">コミカライズ2巻帯</a>",
    "isbn": "4434254774",
    "oldData": {
      "sales": "2021/08/23  シリーズ累計22万部突破（電子含む）\n2020/06/24  シリーズ累計11万部突破（電子含む）",
      "reprint": null
    }
  },
  {
    "title": "幻想古書店で珈琲を",
    "salesValue": 220000,
    "recordDate": "2019-03",
    "salesDesc": "シリーズ22万部突破",
    "sourceDesc": "原作番外編帯",
    "isbn": "4758439443",
    "oldData": {
      "sales": "2019/03/**  シリーズ22万部突破\n2018/09/**  シリーズ19万部突破",
      "reprint": null
    }
  },
  {
    "title": "不遇職とバカにされましたが、実際はそれほど悪くありません？",
    "salesValue": 220000,
    "recordDate": "2022-03-23",
    "salesDesc": "シリーズ累計22万部(電子含む)",
    "sourceDesc": "<a href=\"https://www.amazon.co.jp/dp/4434301020\">コミカライズ3巻帯</a>",
    "isbn": "443425393X",
    "oldData": {
      "sales": "2022/03/23  シリーズ累計22万部（電子含む）\n2022/02/17  累計20万部（電子含む）\n2021/07/20  シリーズ累計15万部（電子含む）\n2021/03/23  累計11万部（電子含む）",
      "reprint": null
    }
  },
  {
    "title": "初期スキルが便利すぎて異世界生活が楽しすぎる！",
    "salesValue": 220000,
    "recordDate": "2022-03-22",
    "salesDesc": "累計22万部(電子含む)",
    "sourceDesc": "<a href=\"https://www.amazon.co.jp/dp/443430089X\">原作7巻帯</a>",
    "isbn": "4434257498",
    "oldData": {
      "sales": "2022/03/22  累計22万部（電子含む）\n2021/08/23  累計17万部（電子含む）\n2020/12/17  累計10万部（電子含む）\n2020/06/23  累計5.5万部（電子含む）",
      "reprint": null
    }
  },
  {
    "title": "屋上のテロリスト",
    "salesValue": 220000,
    "recordDate": "2021-03-18",
    "salesDesc": "22万部",
    "sourceDesc": "<a href=\"https://twitter.com/MIKITO_777/status/1372506718698041345\">作者Twitter</a>",
    "isbn": "4334774652",
    "oldData": {
      "sales": "2021/03/18  22万部",
      "reprint": null
    }
  },
  {
    "title": "いつか、眠りにつく日",
    "salesValue": 210000,
    "recordDate": "2021-01-26",
    "salesDesc": "シリーズ累計21万部突破",
    "sourceDesc": "<a href=\"https://twitter.com/inujun2543/status/1353980798391599104\">原作3巻帯</a>",
    "isbn": "4813700926",
    "oldData": {
      "sales": "2021/01/26  シリーズ累計21万部突破\n2019/06/19  シリーズ累計20万部突破\n2019/03/**  累計15万部突破\n2019/02/**  累計13万部",
      "reprint": "17刷  2020/12/11決定\n16刷  2019/06/10決定\n15刷  2019/04/01決定\n14刷  2019/03/07決定\n13刷  2019/02/28決定"
    }
  },
  {
    "title": "極道さんシリーズ",
    "salesValue": 210000,
    "recordDate": "2020-07-31",
    "salesDesc": "シリーズ累計21万部突破(※電子DL数を含む)",
    "sourceDesc": "原作「運命のパパで愛妻家」帯",
    "isbn": "4041043948",
    "oldData": {
      "sales": "2020/07/31  シリーズ累計21万部突破（※電子DL数を含む）",
      "reprint": null
    }
  },
  {
    "title": "悪役令嬢の役割は終えました",
    "salesValue": 200000,
    "recordDate": "2022-04-25",
    "salesDesc": "シリーズ累計20万部突破(電子含む)",
    "sourceDesc": "<a href=\"https://www.amazon.co.jp/dp/4434302353\">コミカライズ3巻帯</a>",
    "isbn": "4434268074",
    "oldData": {
      "sales": "2022/04/25  シリーズ累計20万部突破（電子含む）",
      "reprint": null
    }
  },
  {
    "title": "味方が弱すぎて補助魔法に徹していた宮廷魔法師、追放されて最強を目指す",
    "salesValue": 200000,
    "recordDate": "2022-04-12",
    "salesDesc": "累計20万部突破",
    "sourceDesc": "<a href=\"https://twitter.com/magazine_tanaP/status/1513750729483501573\">たかなが@週刊少年マガジンTwitter</a>",
    "isbn": "4065231256",
    "oldData": {
      "sales": "2022/04/12  累計20万部突破\n2022/02/09  累計13万部突破（電子版含む）\n2022/01/24  累計10万部突破",
      "reprint": null
    }
  },
  {
    "title": "めっちゃ召喚された件",
    "salesValue": 200000,
    "recordDate": "2022-04-11",
    "salesDesc": "シリーズ累計20万部突破",
    "sourceDesc": "<a href=\"https://magcomi.com/episode/13933686331682099976\">コミカライズ4巻帯</a>",
    "isbn": "4800008980",
    "oldData": {
      "sales": "2022/04/11  シリーズ累計20万部突破\n2021/11/12  シリーズ累計10万部突破",
      "reprint": null
    }
  },
  {
    "title": "異世界チート開拓記",
    "salesValue": 200000,
    "recordDate": "2022-04-06",
    "salesDesc": "累計20万部突破(紙+電子)",
    "sourceDesc": "<a href=\"https://twitter.com/monster_futaba/status/1511539440400801792\">コミカライズ4巻帯</a>、<a href=\"https://twitter.com/gekkanaction/status/1512338203306446852\">月刊アクション編集部Twitter</a>",
    "isbn": "4575238945",
    "oldData": {
      "sales": "2022/04/06  累計20万部突破（紙+電子）",
      "reprint": null
    }
  },
  {
    "title": "呪いの魔剣で高負荷トレーニング!?　～知られちゃいけない仮面の冒険者～",
    "salesValue": 200000,
    "recordDate": "2022-04-05",
    "salesDesc": "シリーズ累計20万部突破",
    "sourceDesc": "<a href=\"https://twitter.com/__Kogemaru__/status/1511297352564305923\">作者Twitter</a>",
    "isbn": "4040646533",
    "oldData": {
      "sales": "2022/04/05  シリーズ累計20万部突破\n2021/11/19  シリーズ累計10万部突破",
      "reprint": null
    }
  },
  {
    "title": "新しいゲーム始めました。　～使命もないのに最強です？～",
    "salesValue": 200000,
    "recordDate": "2022-03-31",
    "salesDesc": "シリーズ累計20万部突破",
    "sourceDesc": "<a href=\"https://twitter.com/TOBOOKS/status/1509463067725545473\">TOブックスTwitter</a>",
    "isbn": "4864726795",
    "oldData": {
      "sales": "2022/03/31  シリーズ累計20万部突破\n2021/12/06  シリーズ累計15万部突破（電子書籍を含む）",
      "reprint": null
    }
  },
  {
    "title": "ブラックな騎士団の奴隷がホワイトな冒険者ギルドに引き抜かれてSランクになりました",
    "salesValue": 200000,
    "recordDate": "2022-02-24",
    "salesDesc": "シリーズ累計20万部突破(紙+電子)",
    "sourceDesc": "原作6巻帯",
    "isbn": "486554660X",
    "oldData": {
      "sales": "2022/02/24  シリーズ累計20万部突破（紙+電子）\n2021/10/21  シリーズ累計15万部突破（紙+電子）",
      "reprint": "**刷  2020/09/02決定\n**刷  2020/06/01決定"
    }
  },
  {
    "title": "わたしが恋人になれるわけないじゃん、ムリムリ！（※ムリじゃなかった!?）",
    "salesValue": 200000,
    "recordDate": "2022-02-18",
    "salesDesc": "シリーズ累計20万部突破(紙・電子合算)",
    "sourceDesc": "<a href=\"https://twitter.com/honyasannohito/status/1494630910343344128\">Ｋ原（ダッシュエックス文庫編集）Twitter</a>",
    "isbn": "4086313561",
    "oldData": {
      "sales": "2022/02/18  シリーズ累計20万部突破（紙・電子合算）",
      "reprint": "**刷  2020/09/18決定 ／ 2020/10/05出来"
    }
  },
  {
    "title": "義妹生活",
    "salesValue": 200000,
    "recordDate": "2022-01-29",
    "salesDesc": "1～4巻累計20万部突破※電子書籍含む。",
    "sourceDesc": "<a href=\"https://twitter.com/gimaiseikatsu/status/1487372448093773824\">『義妹生活』公式Twitter</a>",
    "isbn": "4040647262",
    "oldData": {
      "sales": "2022/01/29  1～4巻累計20万部突破（※電子書籍含む。）\n2021/09/10  累計14万部突破\n2021/06/14  第1巻累計5万部突破（※紙本書籍と電子書籍の合算数字となります。）",
      "reprint": null
    }
  },
  {
    "title": "再召喚された勇者は一般人として生きていく？",
    "salesValue": 200000,
    "recordDate": "2022-01-20",
    "salesDesc": "シリーズ累計20万部突破",
    "sourceDesc": "<a href=\"https://twitter.com/katanakajishi/status/1484012913190789120\">コミカライズ5巻帯</a>",
    "isbn": "4800260418",
    "oldData": {
      "sales": "2022/01/20  シリーズ累計20万部突破\n2021/06/14  シリーズ累計17万部突破\n2021/01/07  シリーズ累計14万部突破\n2020/08/06  シリーズ累計10万部突破",
      "reprint": null
    }
  },
  {
    "title": "異世界に落とされた…浄化は基本！",
    "salesValue": 200000,
    "recordDate": "2022-01-17",
    "salesDesc": "シリーズ累計20万部突破(電子書籍含む)",
    "sourceDesc": "<a href=\"https://tobooks.shop-pro.jp/?pid=165895088\">原作6巻あらすじ・内容</a>",
    "isbn": "4864729042",
    "oldData": {
      "sales": "2022/01/17  シリーズ累計20万部突破（電子書籍含む）",
      "reprint": null
    }
  },
  {
    "title": "君が落とした青空",
    "salesValue": 200000,
    "recordDate": "2021-12-25",
    "salesDesc": "累計20万部突破",
    "sourceDesc": "<a href=\"https://mobile.twitter.com/bc_e7/status/1474623532760186880\">原作重版帯</a>",
    "isbn": "481370042X",
    "oldData": {
      "sales": "2021/12/25  累計20万部突破\n2021/10/07  累計16万部突破",
      "reprint": null
    }
  },
  {
    "title": "昔勇者で今は骨",
    "salesValue": 200000,
    "recordDate": "2021-12-13",
    "salesDesc": "シリーズ累計20万部突破(原作・コミックス含む)",
    "sourceDesc": "<a href=\"https://twitter.com/bunko_dengeki/status/1470323391156875272\">コミカライズ5巻帯裏</a>",
    "isbn": "4048935143",
    "oldData": {
      "sales": "2021/12/13  シリーズ累計20万部突破（原作・コミックス含む）\n2020/12/04  シリーズ累計10万部突破",
      "reprint": "*2刷  2020/02/24決定 ／ 2020/03/25出来"
    }
  },
  {
    "title": "異世界の貧乏農家に転生したので、レンガを作って城を建てることにしました",
    "salesValue": 200000,
    "recordDate": "2021-12-06",
    "salesDesc": "シリーズ累計20万部突破(電子書籍を含む)",
    "sourceDesc": "<a href=\"https://tobooks.shop-pro.jp/?pid=164508816\">コミカライズ3巻あらすじ・内容</a>",
    "isbn": "4864728933",
    "oldData": {
      "sales": "2021/12/06  シリーズ累計20万部突破（電子書籍を含む）",
      "reprint": null
    }
  },
  {
    "title": "悪役令嬢ですが攻略対象の様子が異常すぎる",
    "salesValue": 200000,
    "recordDate": "2021-11-25",
    "salesDesc": "シリーズ累計20万部突破(電子書籍含む)",
    "sourceDesc": "<a href=\"https://twitter.com/TOBOOKS/status/1463720536362479622\">TOブックスTwitter</a>",
    "isbn": "4866990139",
    "oldData": {
      "sales": "2021/11/25  シリーズ累計20万部突破（電子書籍含む）",
      "reprint": null
    }
  },
  {
    "title": "王女殿下はお怒りのようです",
    "salesValue": 200000,
    "recordDate": "2021-11-22",
    "salesDesc": "シリーズ累計(紙+電子)20万部突破",
    "sourceDesc": "原作7巻帯",
    "isbn": "4865544240",
    "oldData": {
      "sales": "2021/11/22  シリーズ累計(紙+電子)20万部突破",
      "reprint": "**刷  2020/07/13決定\n**刷  2019/03/15決定"
    }
  },
  {
    "title": "ループ7回目の悪役令嬢は、元敵国で自由気ままな花嫁生活を満喫する",
    "salesValue": 200000,
    "recordDate": "2021-11-20",
    "salesDesc": "シリーズ累計(紙+電子)20万部突破",
    "sourceDesc": "原作4巻帯",
    "isbn": "4865547673",
    "oldData": {
      "sales": "2021/11/20  シリーズ累計(紙+電子)20万部突破",
      "reprint": null
    }
  },
  {
    "title": "悪役令嬢、ブラコンにジョブチェンジします",
    "salesValue": 200000,
    "recordDate": "2021-11-12",
    "salesDesc": "シリーズ累計20万部突破",
    "sourceDesc": "<a href=\"https://twitter.com/FlosComic/status/1459098655567323149\">Flos Comic Twitter</a>",
    "isbn": "4041088089",
    "oldData": {
      "sales": "2021/11/12  シリーズ累計20万部突破\n2021/06/01  シリーズ10万部突破（※紙・電子の合算）",
      "reprint": "**刷  2020/09/24決定"
    }
  },
  {
    "title": "レベル1の最強賢者　～呪いで最下級魔法しか使えないけど、神の勘違いで無限の魔力を手に入れ最強に～",
    "salesValue": 200000,
    "recordDate": "2021-10-06",
    "salesDesc": "シリーズ累計20万部突破",
    "sourceDesc": "<a href=\"https://www.amazon.co.jp/dp/4891997699\">コミカライズ3巻amazonあらすじ・内容</a>",
    "isbn": "4891995793",
    "oldData": {
      "sales": "2021/10/06  シリーズ累計20万部突破\n2021/05/07  シリーズ累計15万部突破（電子版含む）\n2021/02/05  シリーズ累計10万部突破（電子版含む）",
      "reprint": null
    }
  },
  {
    "title": "総長さま、溺愛中につき。",
    "salesValue": 200000,
    "recordDate": "2021-09-20",
    "salesDesc": "原作シリーズ累計20万部突破※2021年9月時点",
    "sourceDesc": "<a href=\"https://www.s-manga.net/items/contents.html?isbn=978-4-08-867640-1\">コミカライズ帯</a>",
    "isbn": "4813708366",
    "oldData": {
      "sales": "2021/09/20  原作シリーズ累計20万部突破（※2021年9月時点）\n2021/03/28  シリーズ累計11万部突破\n2020/10/22  累計10万部突破\n2020/07/20  シリーズ累計7万部突破",
      "reprint": "*4刷  2020/11/10決定\n*3刷  2020/04/10決定\n*2刷  2020/02/10決定"
    }
  },
  {
    "title": "王都の学園に強制連行された最強のドラゴンライダーは超が付くほど田舎者",
    "salesValue": 200000,
    "recordDate": "2021-09-18",
    "salesDesc": "シリーズ20万部突破※電子含む。",
    "sourceDesc": "<a href=\"https://twitter.com/YASAHASHI/status/1439492879823486981\">コミカライズ4巻帯</a>",
    "isbn": "4040724798",
    "oldData": {
      "sales": "2021/09/18  シリーズ20万部突破（※電子含む。）\n2021/01/21  シリーズ累計10万部突破（※電子含む。）",
      "reprint": null
    }
  },
  {
    "title": "捨てられた転生賢者　～魔物の森で最強の大魔帝国を作り上げる～",
    "salesValue": 200000,
    "recordDate": "2021-09-09",
    "salesDesc": "累計20万部突破※電子版含む",
    "sourceDesc": "コミカライズ5巻帯",
    "isbn": "4896379586",
    "oldData": {
      "sales": "2021/09/09  累計20万部突破（※電子版含む）",
      "reprint": null
    }
  },
  {
    "title": "神様たちのお伊勢参り",
    "salesValue": 200000,
    "recordDate": "2021-09-08",
    "salesDesc": "シリーズ20万部突破",
    "sourceDesc": "<a href=\"https://twitter.com/shiokona/status/1435583216107147265\">原作10巻帯</a>",
    "isbn": "457552011X",
    "oldData": {
      "sales": "2021/09/08  シリーズ20万部突破",
      "reprint": null
    }
  },
  {
    "title": "最弱テイマーはゴミ拾いの旅を始めました。",
    "salesValue": 200000,
    "recordDate": "2021-07-04",
    "salesDesc": "シリーズ累計20万部突破(電子書籍含む)",
    "sourceDesc": "<a href=\"https://tobooks.shop-pro.jp/?pid=160344256\">原作5巻あらすじ・内容</a>",
    "isbn": "4864728763",
    "oldData": {
      "sales": "2021/07/04  シリーズ累計20万部突破（電子書籍含む）",
      "reprint": null
    }
  },
  {
    "title": "時給三〇〇円の死神",
    "salesValue": 200000,
    "recordDate": "2021-05-12",
    "salesDesc": "20万部突破",
    "sourceDesc": "コミカライズ2巻帯",
    "isbn": "4575520624",
    "oldData": {
      "sales": "2021/05/12  20万部突破\n2020/12/08  20万部突破",
      "reprint": "**刷  2020/08/18決定 ／ 2020/08/20出来"
    }
  },
  {
    "title": "スーパーカブ",
    "salesValue": 200000,
    "recordDate": "2021-05-10",
    "salesDesc": "漫画版スーパーカブ1巻～5巻発行部数20万部突破",
    "sourceDesc": "<a href=\"https://twitter.com/kanitoon02/status/1391703417794428930\">コミカライズ作者Twitter</a>",
    "isbn": "4041056632",
    "oldData": {
      "sales": "2021/05/10  漫画版スーパーカブ1巻～5巻発行部数20万部突破",
      "reprint": "**刷  2020/12/01決定"
    }
  },
  {
    "title": "異世界で手に入れた生産スキルは最強だったようです。　～創造＆器用のWチートで無双する～",
    "salesValue": 200000,
    "recordDate": "2021-03-26",
    "salesDesc": "コミックス累計20万部突破※コミカライズ・電子合算",
    "sourceDesc": "<a href=\"https://twitter.com/Six315/status/1375358704002850816\">作者Twitter</a>",
    "isbn": "4040659120",
    "oldData": {
      "sales": "2021/03/26  コミックス累計20万部突破（※コミカライズ・電子合算）",
      "reprint": null
    }
  },
  {
    "title": "異世界でも無難に生きたい症候群",
    "salesValue": 200000,
    "recordDate": "2021-02-10",
    "salesDesc": "コミカライズ版累計20万部突破",
    "sourceDesc": "<a href=\"https://twitter.com/kou_sasamine/status/1359339884758986756\">コミカライズ作者Twitter</a>",
    "isbn": "4891995068",
    "oldData": {
      "sales": "2021/02/10  コミカライズ版累計20万部突破",
      "reprint": null
    }
  },
  {
    "title": "冒険者をクビになったので、錬金術師として出直します！　～辺境開拓？よし、俺に任せとけ！",
    "salesValue": 200000,
    "recordDate": "2020-12-25",
    "salesDesc": "シリーズ累計20万部突破",
    "sourceDesc": "<a href=\"https://twitter.com/s_sazameki/status/1342444140580093957\">原作5巻帯</a>",
    "isbn": "4575241490",
    "oldData": {
      "sales": "2020/12/25  シリーズ累計20万部突破",
      "reprint": null
    }
  },
  {
    "title": "キミと僕の最後の戦場、あるいは世界が始まる聖戦",
    "salesValue": 200000,
    "recordDate": "2020-12-25",
    "salesDesc": "累計20万部突破",
    "sourceDesc": "コミカライズ6巻帯",
    "isbn": "4040723074",
    "oldData": {
      "sales": "2020/12/25  累計20万部突破",
      "reprint": "**刷  2020/09/29決定\n**刷  2020/04/22決定\n**刷  2019/12/06決定"
    }
  },
  {
    "title": "鳥居の向こうは、知らない世界でした。",
    "salesValue": 200000,
    "recordDate": "2020-11-02",
    "salesDesc": "シリーズ累計20万部突破(紙の本のみ)",
    "sourceDesc": "作者Twitter",
    "isbn": "4344425448",
    "oldData": {
      "sales": "2020/11/02  シリーズ累計20万部突破（紙の本のみ）\n2019/12/01  累計14万部突破",
      "reprint": "16刷  2020/11/02決定\n15刷  2020/05/26決定"
    }
  },
  {
    "title": "最強の黒騎士、戦闘メイドに転職しました",
    "salesValue": 200000,
    "recordDate": "2020-09-01",
    "salesDesc": "シリーズ累計20万部突破(電子含む)",
    "sourceDesc": "comicブースト編集部Twitter→コミカライズ4巻帯",
    "isbn": "4344841255",
    "oldData": {
      "sales": "2020/09/01  シリーズ累計20万部突破（電子含む）",
      "reprint": null
    }
  },
  {
    "title": "教え子に脅迫されるのは犯罪ですか？",
    "salesValue": 200000,
    "recordDate": "2020-07-06",
    "salesDesc": "シリーズ累計20万部突破",
    "sourceDesc": "MF文庫J編集部Twitter",
    "isbn": "4040691792",
    "oldData": {
      "sales": "2020/07/06  シリーズ累計20万部突破\n2019/07/25  シリーズ累計16万部突破",
      "reprint": null
    }
  },
  {
    "title": "異世界で失敗しない100の方法",
    "salesValue": 200000,
    "recordDate": "2020-06-05",
    "salesDesc": "シリーズ累計20万部突破(電子含む)",
    "sourceDesc": "コミカライズ4巻帯",
    "isbn": "4434197568",
    "oldData": {
      "sales": "2020/06/05  シリーズ累計20万部突破（電子含む）\n2019/09/29  シリーズ累計14万部突破\n2019/02/**  シリーズ累計12万部突破",
      "reprint": null
    }
  },
  {
    "title": "春日坂高校漫画研究部",
    "salesValue": 200000,
    "recordDate": "2019-04-18",
    "salesDesc": "シリーズ累計20万部突破",
    "sourceDesc": "原作4巻帯",
    "isbn": "4041011035",
    "oldData": {
      "sales": "2019/04/18  シリーズ累計20万部突破",
      "reprint": null
    }
  },
  {
    "title": "コップクラフト",
    "salesValue": 200000,
    "recordDate": "2018-12",
    "salesDesc": "累計発行部数20万部突破",
    "sourceDesc": "TVアニメ公式サイト",
    "isbn": "4094511725",
    "oldData": {
      "sales": "2018/12/**  累計発行部数20万部突破",
      "reprint": null
    }
  },
  {
    "title": "異世界転生に感謝を",
    "salesValue": 200000,
    "recordDate": "2018-11",
    "salesDesc": "シリーズ累計20万部突破",
    "sourceDesc": "原作7巻帯",
    "isbn": "4047307149",
    "oldData": {
      "sales": "2018/11/**  シリーズ累計20万部突破",
      "reprint": null
    }
  },
  {
    "title": "三日間の幸福",
    "salesValue": 200000,
    "recordDate": "2018-08",
    "salesDesc": "発行累計部数20万部超",
    "sourceDesc": "KADOKAWAプレリリース",
    "isbn": "4048661698",
    "oldData": {
      "sales": "2018/08/**  発行累計部数20万部超",
      "reprint": null
    }
  },
  {
    "title": "よるのばけもの",
    "salesValue": 200000,
    "recordDate": "2017-08",
    "salesDesc": "20万部突破",
    "sourceDesc": "よるのばけもの公式Twitter",
    "isbn": "4575240079",
    "oldData": {
      "sales": "2017/08/**  20万部突破",
      "reprint": null
    }
  },
  {
    "title": "Bad∞End∞Night",
    "salesValue": 200000,
    "recordDate": "2017-07",
    "salesDesc": "シリーズ累計20万部突破",
    "sourceDesc": "原作上下巻重版帯",
    "isbn": "4758046433",
    "oldData": {
      "sales": "2017/07/**  シリーズ累計20万部突破",
      "reprint": null
    }
  },
  {
    "title": "奪う者 奪われる者",
    "salesValue": 200000,
    "recordDate": "2017-02-24",
    "salesDesc": "シリーズ累計20万部突破",
    "sourceDesc": "ファミ通文庫公式Twitter",
    "isbn": "4047302287",
    "oldData": {
      "sales": "2017/02/24  シリーズ累計20万部突破",
      "reprint": null
    }
  },
  {
    "title": "桜ノ雨",
    "salesValue": 200000,
    "recordDate": "2015-09",
    "salesDesc": "シリーズ累計20万部突破",
    "sourceDesc": "実写映画関連ニュース",
    "isbn": "4569802559",
    "oldData": {
      "sales": "2015/09/**  シリーズ累計20万部突破",
      "reprint": null
    }
  },
  {
    "title": "俺の『鑑定』スキルがチートすぎて　～伝説の勇者を読み〝盗り〟最強へ～",
    "salesValue": 200000,
    "recordDate": "2022-04-26",
    "salesDesc": "シリーズ累計20万部",
    "sourceDesc": "<a href=\"https://twitter.com/shonen_sirius/status/1518855648645197824\">月刊少年シリウス2022年6月号掲載水曜日のシリウス広告</a>",
    "isbn": "4063650286",
    "oldData": {
      "sales": "2022/04/26  シリーズ累計20万部\n2021/11/18  シリーズ累計14万部\n2021/06/25  シリーズ累計9万部",
      "reprint": null
    }
  },
  {
    "title": "魔剣師の魔剣による魔剣のためのハーレムライフ",
    "salesValue": 200000,
    "recordDate": "2021-02-10",
    "salesDesc": "シリーズ累計20万部",
    "sourceDesc": "<a href=\"https://twitter.com/kojimasaya/status/1359488874020409346\">コミカライズ作者Twitter</a>",
    "isbn": "4775314645",
    "oldData": {
      "sales": "2021/02/10  シリーズ累計20万部\n2020/11/28  1巻書籍版と電子版累計10万部突破（おそらくコミカライズの1巻紙+電子累計）",
      "reprint": null
    }
  },
  {
    "title": "鍛冶師ですが何か！",
    "salesValue": 200000,
    "recordDate": "2020-10-21",
    "salesDesc": "20万部(電子含む)",
    "sourceDesc": "原作11巻帯",
    "isbn": "4434189700",
    "oldData": {
      "sales": "2020/10/21  20万部（電子含む）\n2019/01/**  17万部\n2018/04/**  累計16万部突破",
      "reprint": null
    }
  },
  {
    "title": "異世界を制御魔法で切り開け！",
    "salesValue": 190000,
    "recordDate": "2020-02-20",
    "salesDesc": "シリーズ累計19万部突破(電子含む)",
    "sourceDesc": "コミカライズ4巻帯",
    "isbn": "4434204491",
    "oldData": {
      "sales": "2020/02/20  シリーズ累計19万部突破（電子含む）\n2018/10/**  シリーズ累計14万部\n2017/12/**  累計12万部",
      "reprint": null
    }
  },
  {
    "title": "前世は剣帝。今生クズ王子",
    "salesValue": 190000,
    "recordDate": "2022-03-07",
    "salesDesc": "シリーズ累計19万部(電子含む)",
    "sourceDesc": "<a href=\"https://www.amazon.co.jp/dp/443430061X\">原作文庫版4巻帯</a>",
    "isbn": "4434262998",
    "oldData": {
      "sales": "2022/03/07  シリーズ累計19万部（電子含む）\n2021/12/06  シリーズ累計17万部（電子含む）\n2021/11/22  シリーズ累計16万部（電子含む）\n2021/10/06  累計13万部（電子含む）\n2021/08/04  累計12万部（電子含む）\n2021/04/20  シリーズ累計9万部（電子含む）",
      "reprint": null
    }
  },
  {
    "title": "神に愛された子",
    "salesValue": 190000,
    "recordDate": "2021-08-23",
    "salesDesc": "シリーズ累計19万部(電子含む)",
    "sourceDesc": "<a href=\"https://www.amazon.co.jp/dp/4434292803\">コミカライズ3巻帯</a>",
    "isbn": "4434253735",
    "oldData": {
      "sales": "2021/08/23  シリーズ累計19万部（電子含む）\n2021/01/22  シリーズ累計14万部突破（電子含む）\n2020/11/17  シリーズ累計12万部（電子含む）\n2020/03/23  シリーズ累計9万部（電子含む）\n2019/11/19  累計6万部\n2019/07/23  累計4万部\n2019/04/19  累計3万部",
      "reprint": null
    }
  },
  {
    "title": "京都府警あやかし課の事件簿",
    "salesValue": 180000,
    "recordDate": "2022-01-08",
    "salesDesc": "累計18万部突破",
    "sourceDesc": "<a href=\"https://www.amazon.co.jp/dp/4569901875\">原作6巻帯</a>",
    "isbn": "4569768725",
    "oldData": {
      "sales": "2022/01/08  累計18万部突破\n2021/03/06  累計15万部突破（※電子版を含む）\n2020/09/10  累計10万部突破",
      "reprint": null
    }
  },
  {
    "title": "桜風堂ものがたり",
    "salesValue": 180000,
    "recordDate": "2020-11-07",
    "salesDesc": "シリーズ累計18万部突破",
    "sourceDesc": "文庫版「星をつなぐ手」帯",
    "isbn": "4569831087",
    "oldData": {
      "sales": "2020/11/07  シリーズ累計18万部突破",
      "reprint": null
    }
  },
  {
    "title": "『僕愛』『君愛』",
    "salesValue": 180000,
    "recordDate": "2020-09-09",
    "salesDesc": "累計18万部突破",
    "sourceDesc": "早川書房公式Twitter",
    "isbn": "4150312338",
    "oldData": {
      "sales": "2020/09/09  累計18万部突破",
      "reprint": null
    }
  },
  {
    "title": "契約結婚はじめました。　～椿屋敷の偽夫婦～",
    "salesValue": 180000,
    "recordDate": "2019-10-10",
    "salesDesc": "シリーズ累計18万部突破",
    "sourceDesc": "原作2～4巻重版帯",
    "isbn": "4086801310",
    "oldData": {
      "sales": "2019/10/10  シリーズ累計18万部突破\n2019/02/**  シリーズ累計13万部突破",
      "reprint": "**刷  ****/**/**決定 ／ 2020/08/06出来"
    }
  },
  {
    "title": "スピリット・マイグレーション",
    "salesValue": 180000,
    "recordDate": "2017-07",
    "salesDesc": "シリーズ累計18万部",
    "sourceDesc": "コミカライズ3巻帯",
    "isbn": "4434187325",
    "oldData": {
      "sales": null,
      "reprint": null
    }
  },
  {
    "title": "一瞬を生きる君を、僕は永遠に忘れない。",
    "salesValue": 170000,
    "recordDate": "2021-12-22",
    "salesDesc": "17万部突破",
    "sourceDesc": "<a href=\"https://twitter.com/fuyunoyozora__/status/1473601786967896065\">作者Twitter</a>",
    "isbn": "4813708315",
    "oldData": {
      "sales": "2021/12/22  17万部突破\n2021/07/13  15万部突破\n2021/03/11  11万部突破\n2021/01/29  10万部突破",
      "reprint": "*9刷  2020/09/02決定\n*8刷  2020/08/06決定\n*7刷  2020/07/21決定\n*6刷  2020/06/05決定\n*5刷  2020/05/14決定\n*4刷  2020/03/17決定\n*3刷  2020/03/10決定 ／ 2020/03/19出来\n*2刷  2020/02/05決定"
    }
  },
  {
    "title": "針子の乙女",
    "salesValue": 170000,
    "recordDate": "2021-04-27",
    "salesDesc": "シリーズ累計17万部突破",
    "sourceDesc": "<a href=\"https://twitter.com/FB_twi/status/1386933157778231296\">ファミ通文庫Twitter</a>",
    "isbn": "4047355488",
    "oldData": {
      "sales": "2021/04/27  シリーズ累計17万部突破",
      "reprint": null
    }
  },
  {
    "title": "異世界で幼女化したので養女になったり書記官になったりします",
    "salesValue": 170000,
    "recordDate": "2021-01-27",
    "salesDesc": "シリーズ累計17万部突破(電子含む)",
    "sourceDesc": "<a href=\"https://www.amazon.co.jp/dp/4434284142/\">コミカライズ3巻帯</a>",
    "isbn": "4434229303",
    "oldData": {
      "sales": "2021/01/27  シリーズ累計17万部突破（電子含む）\n2020/02/27  シリーズ累計13万部突破（電子含む）",
      "reprint": null
    }
  },
  {
    "title": "ダンジョンシーカー",
    "salesValue": 170000,
    "recordDate": "2019-07-24",
    "salesDesc": "シリーズ累計17万部突破",
    "sourceDesc": "コミカライズ4巻帯",
    "isbn": "4434208942",
    "oldData": {
      "sales": "2019/07/24  シリーズ累計17万部突破\n2018/08/**  シリーズ累計15万部突破",
      "reprint": null
    }
  },
  {
    "title": "Bの戦場",
    "salesValue": 170000,
    "recordDate": "2019-03",
    "salesDesc": "シリーズ累計17万部",
    "sourceDesc": "原作重版帯",
    "isbn": "4086801132",
    "oldData": {
      "sales": "2019/03/**  シリーズ累計17万部",
      "reprint": null
    }
  },
  {
    "title": "崩れる脳を抱きしめて",
    "salesValue": 160000,
    "recordDate": "2020-10-30",
    "salesDesc": "累計16万部突破",
    "sourceDesc": "文庫版重版帯",
    "isbn": "4408537144",
    "oldData": {
      "sales": "2020/10/30  累計16万部突破\n2020/10/08  累計15万部突破",
      "reprint": null
    }
  },
  {
    "title": "神の手違いで死んだらチートガン積みで異世界に放り込まれました",
    "salesValue": 150000,
    "recordDate": "2022-04-19",
    "salesDesc": "シリーズ累計15万部突破(紙+電子)",
    "sourceDesc": "<a href=\"https://twitter.com/comic_boost/status/1516335993934209027\">コミカライズ5巻帯</a>",
    "isbn": "4891995556",
    "oldData": {
      "sales": "2022/04/19  シリーズ累計15万部突破（紙+電子）",
      "reprint": null
    }
  },
  {
    "title": "逆行した悪役令嬢は、なぜか魔力を失ったので深窓の令嬢になります",
    "salesValue": 150000,
    "recordDate": "2022-04-05",
    "salesDesc": "累計15万部突破",
    "sourceDesc": "<a href=\"https://twitter.com/FlosComic/status/1511282499090935809\">FLOS COMIC Twitter</a>",
    "isbn": "4815605726",
    "oldData": {
      "sales": "2022/04/05  累計15万部突破",
      "reprint": null
    }
  },
  {
    "title": "無人島でエルフと共同生活",
    "salesValue": 150000,
    "recordDate": "2022-03-31",
    "salesDesc": "シリーズ累計15万部突破(電子書籍を含む)",
    "sourceDesc": "<a href=\"https://twitter.com/TOBOOKS/status/1509463100936044553\">コミカライズ5巻帯</a>",
    "isbn": "4864727007",
    "oldData": {
      "sales": "2022/03/31  シリーズ累計15万部突破（電子書籍を含む）\n2020/09/16  シリーズ累計12万部突破（電子書籍を含む）",
      "reprint": null
    }
  },
  {
    "title": "男女の友情は成立する？（いや、しないっ!!）",
    "salesValue": 150000,
    "recordDate": "2022-02-25",
    "salesDesc": "累計15万部突破",
    "sourceDesc": "<a href=\"https://twitter.com/bunko_dengeki/status/1497107023858909187\">原作4下巻帯</a>",
    "isbn": "4049133725",
    "oldData": {
      "sales": "2022/02/25  累計15万部突破\n2021/10/22  累計10万部突破",
      "reprint": null
    }
  },
  {
    "title": "「お前ごときが魔王に勝てると思うな」と勇者パーティを追放されたので、王都で気ままに暮らしたい",
    "salesValue": 150000,
    "recordDate": "2022-02-21",
    "salesDesc": "シリーズ累計15万部突破(電子含む)",
    "sourceDesc": "<a href=\"https://twitter.com/ComicRIDE/status/1495684808676372483\">コミカライズ3巻帯</a>",
    "isbn": "4896378016",
    "oldData": {
      "sales": "2022/02/21  シリーズ累計15万部突破（電子含む）",
      "reprint": null
    }
  },
  {
    "title": "白豚貴族ですが前世の記憶が生えたのでひよこな弟育てます",
    "salesValue": 150000,
    "recordDate": "2022-02-21",
    "salesDesc": "累計15万部突破(電子書籍を含む)",
    "sourceDesc": "<a href=\"https://tobooks.shop-pro.jp/?pid=166409258\">原作7巻あらすじ・内容</a>",
    "isbn": "4864728984",
    "oldData": {
      "sales": "2022/02/21  累計15万部突破（電子書籍を含む）\n2021/05/31  累計10万部突破（電子書籍を含む）",
      "reprint": "**刷  ****/**/**決定 ／ 2020/02/04出来"
    }
  },
  {
    "title": "記憶喪失の君と、君だけを忘れてしまった僕。",
    "salesValue": 150000,
    "recordDate": "2022-01-18",
    "salesDesc": "累計15万部突破",
    "sourceDesc": "<a href=\"https://twitter.com/hotarun0225/status/1483417542626459648\">原作3巻帯</a>",
    "isbn": "4813704867",
    "oldData": {
      "sales": "2022/01/18  累計15万部突破\n2021/08/06  12万部突破\n2021/01/29  累計発行部数10万部突破\n2019/11/03  8万部突破\n2019/06/26  累計発行部数7万部超\n2019/02/**  5万部突破",
      "reprint": "13刷  2020/10/09決定\n12刷  2020/05/08決定\n11刷  2020/01決定\n10刷  2019/10/31決定"
    }
  },
  {
    "title": "悪役令嬢は夜告鳥をめざす",
    "salesValue": 150000,
    "recordDate": "2022-01-15",
    "salesDesc": "累計15万部突破",
    "sourceDesc": "<a href=\"https://twitter.com/MangaONE_jp/status/1482221544315113472\">マンガワン／裏サンデーTwitter</a>",
    "isbn": "4047365009",
    "oldData": {
      "sales": "2022/01/15  累計15万部突破\n2021/11/09  累計10万部突破",
      "reprint": null
    }
  },
  {
    "title": "コンビニ兄弟―テンダネス門司港こがね村店―",
    "salesValue": 150000,
    "recordDate": "2021-12-22",
    "salesDesc": "シリーズ累計15万部突破",
    "sourceDesc": "原作2巻帯",
    "isbn": "4101801967",
    "oldData": {
      "sales": "2021/12/22  シリーズ累計15万部突破",
      "reprint": null
    }
  },
  {
    "title": "忌み子と呼ばれた召喚士",
    "salesValue": 150000,
    "recordDate": "2021-12-06",
    "salesDesc": "シリーズ累計15万部突破(電子書籍を含む)",
    "sourceDesc": "<a href=\"https://tobooks.shop-pro.jp/?pid=164508806\">コミカライズ4巻あらすじ・内容</a>",
    "isbn": "4864727899",
    "oldData": {
      "sales": "2021/12/06  シリーズ累計15万部突破（電子書籍を含む）",
      "reprint": null
    }
  },
  {
    "title": "青薔薇姫のやりなおし革命記",
    "salesValue": 150000,
    "recordDate": "2021-11-30",
    "salesDesc": "累計15万部突破",
    "sourceDesc": "<a href=\"https://twitter.com/yuz_syo/status/1465650857165287438\">コミカライズ4巻帯</a>",
    "isbn": "4391150913",
    "oldData": {
      "sales": "2021/11/30  累計15万部突破",
      "reprint": null
    }
  },
  {
    "title": "剣聖の幼馴染がパワハラで俺につらく当たるので、絶縁して辺境で魔剣士として出直すことにした。",
    "salesValue": 150000,
    "recordDate": "2021-11-17",
    "salesDesc": "シリーズ累計15万部突破",
    "sourceDesc": "<a href=\"https://twitter.com/monster_futaba/status/1460834865381736449\">コミカライズ4巻帯</a>",
    "isbn": "4575243027",
    "oldData": {
      "sales": "2021/11/17  シリーズ累計15万部突破",
      "reprint": null
    }
  },
  {
    "title": "レフトハンド・ブラザーフッド",
    "salesValue": 150000,
    "recordDate": "2021-11-09",
    "salesDesc": "累計15万部突破",
    "sourceDesc": "原作文庫版下巻帯",
    "isbn": "4163909869",
    "oldData": {
      "sales": "2021/11/09  累計15万部突破",
      "reprint": null
    }
  },
  {
    "title": "冰剣の魔術師が世界を統べる",
    "salesValue": 150000,
    "recordDate": "2021-07-08",
    "salesDesc": "シリーズ累計15万部突破",
    "sourceDesc": "<a href=\"https://twitter.com/mikoshiba_nana/status/1413068081065201665\">コミカライズ4巻帯</a>",
    "isbn": "406519122X",
    "oldData": {
      "sales": "2021/07/08  シリーズ累計15万部突破",
      "reprint": null
    }
  },
  {
    "title": "死神シリーズ",
    "salesValue": 150000,
    "recordDate": "2021-04-26",
    "salesDesc": "累計15万部突破",
    "sourceDesc": "<a href=\"https://twitter.com/thoresiva/status/1386522594656997378\">原作「死神と弟子とかなり残念な小説家。」帯</a>",
    "isbn": "4101800227",
    "oldData": {
      "sales": "2021/04/26  累計15万部突破\n2018/08/**  シリーズ累計13万部突破",
      "reprint": null
    }
  },
  {
    "title": "さよならの言い方なんて知らない。",
    "salesValue": 150000,
    "recordDate": "2021-02-18",
    "salesDesc": "15万部突破",
    "sourceDesc": "<a href=\"https://twitter.com/shinchobunkonex/status/1362386203127914499\">原作5巻帯</a>",
    "isbn": "4101801630",
    "oldData": {
      "sales": "2021/02/18  15万部突破\n2020/09/28  14万部突破\n2019/12/18  10万部突破",
      "reprint": "**刷  2020/09/09決定"
    }
  },
  {
    "title": "復讐を希う最強勇者は、闇の力で殲滅無双する",
    "salesValue": 150000,
    "recordDate": "2020-10-14",
    "salesDesc": "シリーズ累計15万部突破",
    "sourceDesc": "コミカライズ3巻帯",
    "isbn": "4087040194",
    "oldData": {
      "sales": "2020/10/14  シリーズ累計15万部突破",
      "reprint": null
    }
  },
  {
    "title": "セーブ＆ロードのできる宿屋さん　～カンスト転生者が宿屋で新人育成を始めたようです～",
    "salesValue": 150000,
    "recordDate": "2020-10-01",
    "salesDesc": "シリーズ累計15万部突破",
    "sourceDesc": "コミカライズ作者Twitter",
    "isbn": "4086311453",
    "oldData": {
      "sales": "2020/10/01  シリーズ累計15万部突破\n2020/04/16  シリーズ累計10万部突破",
      "reprint": null
    }
  },
  {
    "title": "「どこ君」＆「また君」",
    "salesValue": 150000,
    "recordDate": "2020-08-06",
    "salesDesc": "シリーズ累計15万部突破",
    "sourceDesc": "原作「どこよりも遠い場所にいる君へ」「また君と出会う未来のために」重版帯",
    "isbn": "408680154X",
    "oldData": {
      "sales": "2020/08/06  シリーズ累計15万部突破\n2019/02/**  シリーズ累計12万部突破\n2018/10/**  シリーズ累計10万部突破\n2018/06/**  5万部突破",
      "reprint": "18刷  ****/**/**決定 ／ 2020/11/30出来\n17刷  ****/**/**決定 ／ 2020/08/06出来\n16刷  2020/02/14決定"
    }
  },
  {
    "title": "リアデイルの大地にて",
    "salesValue": 150000,
    "recordDate": "2020-08-02",
    "salesDesc": "累計15万部突破",
    "sourceDesc": "原作5巻帯",
    "isbn": "4047354694",
    "oldData": {
      "sales": "2020/08/02  累計15万部突破\n2020/03/23  シリーズ累計10万部突破",
      "reprint": "**刷  2020/07/13決定"
    }
  },
  {
    "title": "今度こそ幸せになります！",
    "salesValue": 150000,
    "recordDate": "2020-01-30",
    "salesDesc": "累計15万部突破",
    "sourceDesc": "コミカライズ4巻帯",
    "isbn": "4434175866",
    "oldData": {
      "sales": null,
      "reprint": null
    }
  },
  {
    "title": "転生しまして、現在は侍女でございます。",
    "salesValue": 150000,
    "recordDate": "2019-12-25",
    "salesDesc": "シリーズ累計15万部突破",
    "sourceDesc": "原作5巻帯",
    "isbn": "486657108X",
    "oldData": {
      "sales": "2019/12/25  シリーズ累計15万部突破",
      "reprint": null
    }
  },
  {
    "title": "田中～年齢イコール彼女いない歴の魔法使い～",
    "salesValue": 150000,
    "recordDate": "2019-11-28",
    "salesDesc": "シリーズ累計15万部突破",
    "sourceDesc": "株式会社マイクロマガジン社プレリリース(2019/11/28)",
    "isbn": "4896375424",
    "oldData": {
      "sales": "2019/11/28  シリーズ累計15万部突破",
      "reprint": null
    }
  },
  {
    "title": "フリーライフ　～異世界何でも屋奮闘記～",
    "salesValue": 150000,
    "recordDate": "2019-06-18",
    "salesDesc": "シリーズ累計15万部突破",
    "sourceDesc": "原作7巻帯、コミカライズ3巻帯",
    "isbn": "404105821X",
    "oldData": {
      "sales": "2019/06/18  シリーズ累計15万部突破",
      "reprint": null
    }
  },
  {
    "title": "カット＆ペーストでこの世界を生きていく",
    "salesValue": 150000,
    "recordDate": "2019-05-17",
    "salesDesc": "累計15万部突破",
    "sourceDesc": "コミカライズ3巻帯",
    "isbn": "4797392010",
    "oldData": {
      "sales": "2019/05/17  累計15万部突破",
      "reprint": null
    }
  },
  {
    "title": "エクスタス・オンライン",
    "salesValue": 150000,
    "recordDate": "2018-11",
    "salesDesc": "シリーズ累計部数15万部突破",
    "sourceDesc": "原作6巻帯",
    "isbn": "4041047161",
    "oldData": {
      "sales": "2018/11/**  シリーズ累計部数15万部突破",
      "reprint": null
    }
  },
  {
    "title": "僕は君を殺せない",
    "salesValue": 150000,
    "recordDate": "2018-08",
    "salesDesc": "15万部突破",
    "sourceDesc": "七不思議のつくりかたPOP",
    "isbn": "4086800551",
    "oldData": {
      "sales": "2018/08/**  15万部突破",
      "reprint": null
    }
  },
  {
    "title": "落ちこぼれ[☆1]魔法使いは、今日も無意識にチートを使う",
    "salesValue": 150000,
    "recordDate": "2021-09-22",
    "salesDesc": "シリーズ累計15万部(電子含む)",
    "sourceDesc": "<a href=\"https://www.amazon.co.jp/dp/4434294121\">コミカライズ1巻帯</a>",
    "isbn": "4434246836",
    "oldData": {
      "sales": "2021/09/22  シリーズ累計15万部（電子含む）\n2021/08/23  累計12万部（電子含む）\n2020/12/17  累計11万部（電子含む）\n2020/06/03  累計9万部（電子含む）\n2019/11/19  累計6万部\n2019/07/23  累計5万部\n2019/02/**  累計4.5万部\n2018/09/**  累計3万部",
      "reprint": null
    }
  },
  {
    "title": "弁当屋さんのおもてなし",
    "salesValue": 150000,
    "recordDate": "2019-05-16",
    "salesDesc": "シリーズ累計15万部",
    "sourceDesc": "原作まかないちらしと春待ちの君帯",
    "isbn": "4041055792",
    "oldData": {
      "sales": "2019/05/16  シリーズ累計15万部",
      "reprint": null
    }
  },
  {
    "title": "勇者互助組合　交流型掲示板",
    "salesValue": 150000,
    "recordDate": "2016-05",
    "salesDesc": "累計15万部",
    "sourceDesc": "コミカライズ3巻帯",
    "isbn": "4434170287",
    "oldData": {
      "sales": null,
      "reprint": null
    }
  },
  {
    "title": "異世界黙示録マイノグーラ　～破滅の文明で始める世界征服～",
    "salesValue": 140000,
    "recordDate": "2021-10-19",
    "salesDesc": "シリーズ累計14万部突破※電子版含む",
    "sourceDesc": "<a href=\"https://twitter.com/gcnovels/status/1450415539646468096\">原作4巻帯</a>",
    "isbn": "4896379446",
    "oldData": {
      "sales": "2021/10/19  シリーズ累計14万部突破（※電子版含む）",
      "reprint": null
    }
  },
  {
    "title": "左遷も悪くない",
    "salesValue": 140000,
    "recordDate": "2018-03",
    "salesDesc": "シリーズ累計14万部突破",
    "sourceDesc": "文庫版5巻帯",
    "isbn": "4434186159",
    "oldData": {
      "sales": null,
      "reprint": null
    }
  },
  {
    "title": "美少女になったけど、ネトゲ廃人やってます。",
    "salesValue": 140000,
    "recordDate": "2021-12-24",
    "salesDesc": "シリーズ累計14万部",
    "sourceDesc": "<a href=\"https://twitter.com/shonen_sirius/status/1474578167377575939\">月刊少年シリウス2022年2月号掲載水曜日のシリウス広告</a>",
    "isbn": "4065148006",
    "oldData": {
      "sales": "2021/12/24  シリーズ累計14万部\n2021/07/24  シリーズ累計10万部",
      "reprint": null
    }
  },
  {
    "title": "ロメリア戦記　～魔王を倒した後も人類やばそうだから軍隊組織した～",
    "salesValue": 130000,
    "recordDate": "2022-04-19",
    "salesDesc": "シリーズ累計13万部突破",
    "sourceDesc": "<a href=\"https://twitter.com/youharridan/status/1516365279311581184\">ガガガ文庫の濱田です。Twitter</a>",
    "isbn": "409461138X",
    "oldData": {
      "sales": "2022/04/19  シリーズ累計13万部突破\n2022/04/07  累計10万部突破\n2021/10/29  5万部突破",
      "reprint": null
    }
  },
  {
    "title": "どうしても破滅したくない悪役令嬢が現代兵器を手にした結果がこれです",
    "salesValue": 130000,
    "recordDate": "2022-03-26",
    "salesDesc": "累計13万部突破",
    "sourceDesc": "月刊少年シリウス2022年5月号掲載水曜日のシリウス広告",
    "isbn": "4065141869",
    "oldData": {
      "sales": "2022/03/26  累計13万部突破\n2021/07/24  シリーズ累計10万部",
      "reprint": null
    }
  },
  {
    "title": "辺境ぐらしの魔王、転生して最強の魔術師になる",
    "salesValue": 130000,
    "recordDate": "2022-01-21",
    "salesDesc": "コミックス累計13万部突破※紙・電子の合算となります。",
    "sourceDesc": "<a href=\"https://twitter.com/comic__flapper/status/1484409775765192704\">コミックフラッパー編集部Twitter</a>、コミカライズ3巻帯",
    "isbn": "4040644506",
    "oldData": {
      "sales": "2022/01/21  コミックス累計13万部突破（※紙・電子の合算となります。）",
      "reprint": null
    }
  },
  {
    "title": "魔界帰りの劣等能力者",
    "salesValue": 130000,
    "recordDate": "2021-03-24",
    "salesDesc": "原作小説累計13万部突破",
    "sourceDesc": "<a href=\"https://twitter.com/tasuro_STYLE/status/1374657263504220163\">HJ文庫版原作6巻帯</a>",
    "isbn": "4798619612",
    "oldData": {
      "sales": "2021/03/24  原作小説累計13万部突破",
      "reprint": null
    }
  },
  {
    "title": "クラスが異世界召喚されたなか俺だけ残ったんですが",
    "salesValue": 130000,
    "recordDate": "2020-06-01",
    "salesDesc": "シリーズ累計13万部突破",
    "sourceDesc": "comicブースト編集部Twitter",
    "isbn": "4575751588",
    "oldData": {
      "sales": "2020/06/01  シリーズ累計13万部突破\n2019/07/02  シリーズ累計10万部突破",
      "reprint": null
    }
  },
  {
    "title": "こちら、幸福安心委員会です。",
    "salesValue": 130000,
    "recordDate": "2014-01-24",
    "salesDesc": "累計13万部突破",
    "sourceDesc": "株式会社PHP研究所プレリリース",
    "isbn": "4569809669",
    "oldData": {
      "sales": null,
      "reprint": null
    }
  },
  {
    "title": "巻き込まれ召喚!?　そして私は『神』でした??",
    "salesValue": 130000,
    "recordDate": "2021-11-08",
    "salesDesc": "累計13万部(電子含む)",
    "sourceDesc": "<a href=\"https://www.amazon.co.jp/dp/4434296035\">原作文庫版6巻帯</a>",
    "isbn": "4434251643",
    "oldData": {
      "sales": "2021/11/08  累計13万部（電子含む）\n2021/09/06  累計11万部（電子含む）\n2021/04/07  累計10万部（電子含む）\n2020/12/08  累計7万部（電子含む）",
      "reprint": null
    }
  },
  {
    "title": "お人好し職人のぶらり異世界旅",
    "salesValue": 130000,
    "recordDate": "2021-09-22",
    "salesDesc": "シリーズ累計13万部(電子含む)",
    "sourceDesc": "<a href=\"https://www.amazon.co.jp/dp/4434294083\">コミカライズ2巻帯</a>",
    "isbn": "4434243403",
    "oldData": {
      "sales": "2021/09/22  シリーズ累計13万部（電子含む）\n2021/03/04  累計12万部（電子含む）\n2021/01/07  累計9万部（電子含む）\n2020/11/10  累計8万部\n2020/01/25  累計6万部突破\n2019/08/23  累計5.5万部\n2019/04/19  累計5万部\n2018/12/**  累計4万部\n2018/08/**  累計3万部",
      "reprint": null
    }
  },
  {
    "title": "チート薬師の異世界旅",
    "salesValue": 128000,
    "recordDate": "2015-05",
    "salesDesc": "シリーズ累計12.8万部突破",
    "sourceDesc": "ヒーロー文庫公式HP",
    "isbn": "4072995657",
    "oldData": {
      "sales": "2015/05/**  シリーズ累計12.8万部突破",
      "reprint": null
    }
  },
  {
    "title": "追い出されたら、何かと上手くいきまして",
    "salesValue": 120000,
    "recordDate": "2022-03-22",
    "salesDesc": "シリーズ累計12万部突破",
    "sourceDesc": "<a href=\"https://www.amazon.co.jp/dp/4434300911\">原作6巻帯</a>",
    "isbn": "4434261290",
    "oldData": {
      "sales": "2022/03/22  シリーズ累計12万部突破\n2022/01/20  シリーズ累計11万部突破\n2021/11/19  シリーズ累計9万部突破（電子含む）",
      "reprint": null
    }
  },
  {
    "title": "大自然の魔法師アシュト、廃れた領地でスローライフ",
    "salesValue": 120000,
    "recordDate": "2022-02-18",
    "salesDesc": "シリーズ累計12万部突破(電子含む)",
    "sourceDesc": "<a href=\"https://www.amazon.co.jp/dp/4434300008\">コミカライズ2巻帯</a>",
    "isbn": "4434265156",
    "oldData": {
      "sales": "2022/02/18  シリーズ累計12万部突破（電子含む）",
      "reprint": null
    }
  },
  {
    "title": "余命一年と宣告された僕が、余命半年の君と出会った話",
    "salesValue": 120000,
    "recordDate": "2021-12-16",
    "salesDesc": "12万部突破",
    "sourceDesc": "<a href=\"https://twitter.com/morita_ao/status/1471440545843388417\">原作重版帯</a>",
    "isbn": "4591168891",
    "oldData": {
      "sales": "2021/12/16  12万部突破\n2021/08/15  10万部突破",
      "reprint": null
    }
  },
  {
    "title": "没落令嬢の異国結婚録",
    "salesValue": 120000,
    "recordDate": "2021-12-07",
    "salesDesc": "コミックス累計12万部突破",
    "sourceDesc": "<a href=\"https://twitter.com/EmotoMashimesa/status/1468387842955313152\">コミカライズ4巻帯</a>",
    "isbn": "4047349364",
    "oldData": {
      "sales": "2021/12/07  コミックス累計12万部突破",
      "reprint": null
    }
  },
  {
    "title": "冒険に、ついてこないでお母さん！　～超過保護な最強ドラゴンに育てられた息子、母親同伴で冒険者になる～",
    "salesValue": 120000,
    "recordDate": "2020-07-07",
    "salesDesc": "累計12万部突破",
    "sourceDesc": "コミカライズ3巻帯",
    "isbn": "4865545190",
    "oldData": {
      "sales": "2020/07/07  累計12万部突破",
      "reprint": null
    }
  },
  {
    "title": "理想の娘なら世界最強でも可愛がってくれますか？",
    "salesValue": 120000,
    "recordDate": "2020-01-18",
    "salesDesc": "シリーズ累計12万部突破",
    "sourceDesc": "原作4巻、コミカライズ2巻帯",
    "isbn": "4040650212",
    "oldData": {
      "sales": "2020/01/18  シリーズ累計12万部突破",
      "reprint": null
    }
  },
  {
    "title": "チョコレート・コンフュージョン",
    "salesValue": 120000,
    "recordDate": "2018-01",
    "salesDesc": "12万部突破",
    "sourceDesc": "チョコレート・セレブレーションのあらすじ・内容",
    "isbn": "4048657569",
    "oldData": {
      "sales": "2018/01/**  12万部突破",
      "reprint": null
    }
  },
  {
    "title": "こいつらの正体が女だと俺だけが知っている",
    "salesValue": 120000,
    "recordDate": "2021-05-26",
    "salesDesc": "累計12万部",
    "sourceDesc": "<a href=\"https://twitter.com/shonen_sirius/status/1397448959577182211\">月刊少年シリウス編集部Twitter</a>",
    "isbn": "4065122945",
    "oldData": {
      "sales": "2021/05/26  累計12万部",
      "reprint": null
    }
  },
  {
    "title": "神のダイスを見上げて",
    "salesValue": 110000,
    "recordDate": "2021-07-13",
    "salesDesc": "累計11万部突破",
    "sourceDesc": "<a href=\"https://twitter.com/MIKITO_777/status/1414804534870777857\">文庫版帯</a>",
    "isbn": "4334912540",
    "oldData": {
      "sales": "2021/07/13  累計11万部突破",
      "reprint": null
    }
  },
  {
    "title": "死香探偵",
    "salesValue": 110000,
    "recordDate": "2021-01-14",
    "salesDesc": "11万部突破",
    "sourceDesc": "<a href=\"https://twitter.com/chemistry_Curie/status/1349548974923943939\">原作「生死の狭間で愛は香る」帯</a>",
    "isbn": "4122065089",
    "oldData": {
      "sales": "2021/01/14  11万部突破",
      "reprint": null
    }
  },
  {
    "title": "太秦荘ダイアリー",
    "salesValue": 110000,
    "recordDate": "2019-09-12",
    "salesDesc": "シリーズ累計11万部突破",
    "sourceDesc": "原作3巻帯",
    "isbn": "4575521507",
    "oldData": {
      "sales": "2019/09/12  シリーズ累計11万部突破",
      "reprint": null
    }
  },
  {
    "title": "僕の嫁の、物騒な嫁入り事情と大魔獣",
    "salesValue": 110000,
    "recordDate": "2016-05-12",
    "salesDesc": "累計11万部突破",
    "sourceDesc": "原作文庫版4巻帯",
    "isbn": "4434179616",
    "oldData": {
      "sales": null,
      "reprint": null
    }
  },
  {
    "title": "レベル596の鍛冶見習い",
    "salesValue": 110000,
    "recordDate": "2022-03-23",
    "salesDesc": "シリーズ累計11万部(電子含む)",
    "sourceDesc": "<a href=\"https://www.amazon.co.jp/dp/4434300997\">コミカライズ3巻帯</a>",
    "isbn": "443427158X",
    "oldData": {
      "sales": "2022/03/23  シリーズ累計11万部（電子含む）",
      "reprint": null
    }
  },
  {
    "title": "後宮の検屍女官",
    "salesValue": 100000,
    "recordDate": "2022-05-02",
    "salesDesc": "累計10万部突破",
    "sourceDesc": "<a href=\"https://www.kadokawa.co.jp/product/322112000896/\">原作3巻あらすじ・内容</a>",
    "isbn": "4041112400",
    "oldData": {
      "sales": "2022/05/02  累計10万部突破",
      "reprint": null
    }
  },
  {
    "title": "片田舎のおっさん、剣聖になる　～ただの田舎の剣術師範だったのに、大成した弟子たちが俺を放ってくれない件～",
    "salesValue": 100000,
    "recordDate": "2022-04-19",
    "salesDesc": "電子含み累計10万部突破",
    "sourceDesc": "<a href=\"https://twitter.com/zatoukibi/status/1516366836535021573\">コミカライズ作者Twitter</a>",
    "isbn": "4757571909",
    "oldData": {
      "sales": "2022/04/19  電子含み累計10万部突破",
      "reprint": null
    }
  },
  {
    "title": "カノジョに浮気されていた俺が、小悪魔な後輩に懐かれています",
    "salesValue": 100000,
    "recordDate": "2022-04-15",
    "salesDesc": "シリーズ累計10万部突破(紙本・電子書籍の合算数字。2022年4月現在)",
    "sourceDesc": "<a href=\"https://twitter.com/kkedit0r/status/1514905743400800263\">原作6巻帯</a>",
    "isbn": "4041087996",
    "oldData": {
      "sales": "2022/04/15  シリーズ累計10万部突破（紙本・電子書籍の合算数字。2022年4月現在）",
      "reprint": "**刷  2020/10/09決定"
    }
  },
  {
    "title": "転生令嬢は精霊に愛されて最強です……だけど普通に恋したい！",
    "salesValue": 100000,
    "recordDate": "2022-02-21",
    "salesDesc": "シリーズ累計10万部突破(電子書籍を含む)",
    "sourceDesc": "<a href=\"https://tobooks.shop-pro.jp/?pid=166138210\">コミカライズ2巻あらすじ・内容</a>",
    "isbn": "4864729395",
    "oldData": {
      "sales": "2022/02/21  シリーズ累計10万部突破（電子書籍を含む）",
      "reprint": "**刷  2020/06/23決定 ／ 2020/07/01出来"
    }
  },
  {
    "title": "姉が剣聖で妹が賢者で",
    "salesValue": 100000,
    "recordDate": "2021-12-08",
    "salesDesc": "シリーズ累計10万部突破(紙・電子含む)",
    "sourceDesc": "<a href=\"https://twitter.com/bravenovel/status/1468430135649091587\">原作3巻帯</a>",
    "isbn": "4891996226",
    "oldData": {
      "sales": "2021/12/08  シリーズ累計10万部突破（紙・電子含む）",
      "reprint": null
    }
  },
  {
    "title": "元公爵令嬢の就職",
    "salesValue": 100000,
    "recordDate": "2021-12-07",
    "salesDesc": "シリーズ累計10万部突破(電子書籍を含む)",
    "sourceDesc": "<a href=\"https://twitter.com/TOBOOKS/status/1468158349464145930\">TOブックスTwitter</a>",
    "isbn": "4864728054",
    "oldData": {
      "sales": "2021/12/07  シリーズ累計10万部突破（電子書籍を含む）",
      "reprint": null
    }
  },
  {
    "title": "龍に恋う　贄の乙女の幸福な身の上",
    "salesValue": 100000,
    "recordDate": "2021-11-22",
    "salesDesc": "累計10万部突破",
    "sourceDesc": "<a href=\"https://twitter.com/fujimi_L_bunko/status/1462618840081260550\">富士見L文庫_公式Twitter</a>",
    "isbn": "4040737229",
    "oldData": {
      "sales": "2021/11/22  累計10万部突破",
      "reprint": "**刷  2020/08/04決定"
    }
  },
  {
    "title": "オペラ座の恋人",
    "salesValue": 100000,
    "recordDate": "2021-11-19",
    "salesDesc": "シリーズ累計10万部突破",
    "sourceDesc": "<a href=\"https://twitter.com/tiarabunko/status/1461577163241517059\">原作「お嬢様の恋人」帯</a>",
    "isbn": "4829683708",
    "oldData": {
      "sales": "2021/11/19  シリーズ累計10万部突破",
      "reprint": null
    }
  },
  {
    "title": "クラスの大嫌いな女子と結婚することになった。",
    "salesValue": 100000,
    "recordDate": "2021-08-25",
    "salesDesc": "シリーズ累計10万部突破",
    "sourceDesc": "株式会社KADOKAWAプレリリース「<a href=\"https://prtimes.jp/main/html/rd/p/000009070.000007006.html\">シリーズ累計10万部突破のYouTube漫画発ライトノベル、『クラスの大嫌いな女子と結婚することになった。』待望の第３巻がMF文庫Jより発売！</a>」",
    "isbn": "4040659392",
    "oldData": {
      "sales": "2021/08/25  シリーズ累計10万部突破",
      "reprint": null
    }
  },
  {
    "title": "隣の席になった美少女が惚れさせようとからかってくるがいつの間にか返り討ちにしていた",
    "salesValue": 100000,
    "recordDate": "2021-06-20",
    "salesDesc": "シリーズ累計10万部突破(紙+電子)",
    "sourceDesc": "<a href=\"https://twitter.com/aresanzui/status/1406590725282619392\">原作4巻帯</a>",
    "isbn": "4575752614",
    "oldData": {
      "sales": "2021/06/20  シリーズ累計10万部突破（紙+電子）",
      "reprint": null
    }
  },
  {
    "title": "豚のレバーは加熱しろ",
    "salesValue": 100000,
    "recordDate": "2021-05-11",
    "salesDesc": "シリーズ累計10万部突破",
    "sourceDesc": "<a href=\"https://twitter.com/bunko_dengeki/status/1392028336054947841\">電撃文庫Twitter</a>",
    "isbn": "4049130130",
    "oldData": {
      "sales": "2021/05/11  シリーズ累計10万部突破",
      "reprint": "*4刷  2020/07/29決定\n*3刷  2020/04/28決定\n*2刷  2020/03/25決定"
    }
  },
  {
    "title": "劣等人の魔剣使い　スキルボードを駆使して最強に至る",
    "salesValue": 100000,
    "recordDate": "2021-04-10",
    "salesDesc": "シリーズ累計10万部突破(電子含む)",
    "sourceDesc": "コミカライズ2巻帯",
    "isbn": "4065195942",
    "oldData": {
      "sales": "2021/04/10  シリーズ累計10万部突破（電子含む）",
      "reprint": null
    }
  },
  {
    "title": "人間不信の冒険者たちが世界を救うようです",
    "salesValue": 100000,
    "recordDate": "2021-01-22",
    "salesDesc": "1巻&amp;2巻累計10万部突破",
    "sourceDesc": "<a href=\"https://twitter.com/U87dUIT4yo/status/1352555783653789697\">コミカライズ1・2巻重版帯</a>",
    "isbn": "4040640624",
    "oldData": {
      "sales": "2021/01/22  1巻&2巻累計10万部突破",
      "reprint": null
    }
  },
  {
    "title": "声優ラジオのウラオモテ",
    "salesValue": 100000,
    "recordDate": "2021-01-15",
    "salesDesc": "シリーズ累計10万部突破",
    "sourceDesc": "<a href=\"https://twitter.com/bunko_dengeki/status/1350331048417058817\">原作4巻帯</a>",
    "isbn": "4049130211",
    "oldData": {
      "sales": "2021/01/15  シリーズ累計10万部突破",
      "reprint": "**刷  2020/09/21決定\n*4刷  2020/07/28決定\n*3刷  2020/05/18決定\n*2刷  2020/02/07決定"
    }
  },
  {
    "title": "平安あや解き草紙",
    "salesValue": 100000,
    "recordDate": "2020-11-20",
    "salesDesc": "シリーズ累計10万部突破",
    "sourceDesc": "原作「その姫、後宮にて宿敵を得る」帯",
    "isbn": "4086802449",
    "oldData": {
      "sales": "2020/11/20  シリーズ累計10万部突破",
      "reprint": "**刷  2019/12/13決定"
    }
  },
  {
    "title": "よろず建物因縁帳",
    "salesValue": 100000,
    "recordDate": "2020-11-13",
    "salesDesc": "10万部突破",
    "sourceDesc": "原作「畏修羅」帯",
    "isbn": "4062940531",
    "oldData": {
      "sales": "2020/11/13  10万部突破",
      "reprint": null
    }
  },
  {
    "title": "数字で救う！　弱小国家",
    "salesValue": 100000,
    "recordDate": "2020-10-02",
    "salesDesc": "シリーズ累計10万部超※電子含む",
    "sourceDesc": "作者Twitter",
    "isbn": "4048932713",
    "oldData": {
      "sales": "2020/10/02  シリーズ累計10万部超（※電子含む）",
      "reprint": "**刷  2019/11/01決定"
    }
  },
  {
    "title": "ライアー・ライアー",
    "salesValue": 100000,
    "recordDate": "2020-03-19",
    "salesDesc": "累計10万部突破",
    "sourceDesc": "『ライアー・ライアー』公式Twitter",
    "isbn": "4040656318",
    "oldData": {
      "sales": "2020/03/19  累計10万部突破",
      "reprint": "**刷  2020/10/27決定\n**刷  2020/09/11決定\n**刷  2020/07/10決定\n**刷  2020/03/19決定\n**刷  2020/02/10決定\n**刷  2019/11/28決定"
    }
  },
  {
    "title": "この空の上で、いつまでも君を待っている",
    "salesValue": 100000,
    "recordDate": "2020-01-05",
    "salesDesc": "10万部突破",
    "sourceDesc": "KADOKAWA公式サイト「冬に咲く花のように生きたあなた」のあらすじ・内容",
    "isbn": "4048936255",
    "oldData": {
      "sales": "2020/01/05  10万部突破\n2018/11/**  8万部突破",
      "reprint": null
    }
  },
  {
    "title": "僕のカノジョ先生",
    "salesValue": 100000,
    "recordDate": "2019-06-15",
    "salesDesc": "シリーズ累計10万部突破",
    "sourceDesc": "アキバBlog",
    "isbn": "4040650972",
    "oldData": {
      "sales": "2019/06/15  シリーズ累計10万部突破",
      "reprint": null
    }
  },
  {
    "title": "暇人、魔王の姿で異世界へ　時々チートなぶらり旅",
    "salesValue": 100000,
    "recordDate": "2019-03",
    "salesDesc": "累計10万部突破",
    "sourceDesc": "ファミ通文庫公式HP",
    "isbn": "4047309788",
    "oldData": {
      "sales": "2019/03/**  累計10万部突破",
      "reprint": null
    }
  },
  {
    "title": "この世界にｉをこめて",
    "salesValue": 100000,
    "recordDate": "2019-02",
    "salesDesc": "10万部突破",
    "sourceDesc": "メディアワークス文庫公式HP",
    "isbn": "4048934147",
    "oldData": {
      "sales": "2019/02/**  10万部突破",
      "reprint": "16刷  2020/08/01決定"
    }
  },
  {
    "title": "悪役令嬢後宮物語",
    "salesValue": 100000,
    "recordDate": "2019-01",
    "salesDesc": "原作累計10万部突破",
    "sourceDesc": "コミカライズ1巻帯",
    "isbn": "486134638X",
    "oldData": {
      "sales": null,
      "reprint": null
    }
  },
  {
    "title": "府中三億円事件を計画・実行したのは私です。",
    "salesValue": 100000,
    "recordDate": "2018-12-13",
    "salesDesc": "発行部数10万部突破",
    "sourceDesc": "ポプラ社府中三億円事件を計画・実行したのは私です。公式HP(2018/12/13)",
    "isbn": "4591161269",
    "oldData": {
      "sales": "2018/12/13  発行部数10万部突破\n2018/12/10  累計発行部数6万部突破",
      "reprint": null
    }
  },
  {
    "title": "吉祥寺よろず怪事請負処",
    "salesValue": 100000,
    "recordDate": "2018-07-24",
    "salesDesc": "シリーズ10万部突破",
    "sourceDesc": "<a href=\"https://twitter.com/kadokawa_c_bun/status/1021636375936811008\">角川文庫キャラクター文芸Twitter</a>",
    "isbn": "4041014042",
    "oldData": {
      "sales": "2018/07/24  シリーズ10万部突破",
      "reprint": null
    }
  },
  {
    "title": "春夏秋冬代行者　春の舞",
    "salesValue": 100000,
    "recordDate": "2021-10-29",
    "salesDesc": "シリーズ累計10万部",
    "sourceDesc": "<a href=\"https://twitter.com/syunkasyuutou04/status/1454041572887056387\">春夏秋冬代行者Twitter</a>",
    "isbn": "4049135841",
    "oldData": {
      "sales": "2021/10/29  シリーズ累計10万部",
      "reprint": null
    }
  },
  {
    "title": "やりすぎた魔神殲滅者の七大罪遊戯",
    "salesValue": 100000,
    "recordDate": "2020-04-24",
    "salesDesc": "シリーズ累計10万部",
    "sourceDesc": "ニコニコ静画",
    "isbn": "4065119375",
    "oldData": {
      "sales": "2020/04/24  シリーズ累計10万部\n2020/01/06  シリーズ累計8万部\n2019/08/23  シリーズ累計6万部",
      "reprint": null
    }
  },
  {
    "title": "異世界で孤児院を開いたけど、なぜか誰一人巣立とうとしない件",
    "salesValue": 100000,
    "recordDate": "2019-07-23",
    "salesDesc": "10万部",
    "sourceDesc": "コミカライズ2巻あらすじ・内容(竹書房公式サイト)",
    "isbn": "4864726043",
    "oldData": {
      "sales": "2019/07/23  10万部",
      "reprint": null
    }
  },
  {
    "title": "京洛の森のアリス",
    "salesValue": 100000,
    "recordDate": "2019-05-17",
    "salesDesc": "シリーズ累計10万部",
    "sourceDesc": "作者Twitter",
    "isbn": "4167910152",
    "oldData": {
      "sales": "2019/05/17  シリーズ累計10万部",
      "reprint": null
    }
  },
  {
    "title": "エデン",
    "salesValue": 90000,
    "recordDate": "2016-06",
    "salesDesc": "シリーズ累計9万部",
    "sourceDesc": "コミカライズ3巻帯",
    "isbn": "4434185268",
    "oldData": {
      "sales": null,
      "reprint": null
    }
  },
  {
    "title": "異世界に転生したら全裸にされた",
    "salesValue": 80000,
    "recordDate": "2019-07-18",
    "salesDesc": "シリーズ累計8万部突破",
    "sourceDesc": "原作2巻帯",
    "isbn": "4800006279",
    "oldData": {
      "sales": "2019/07/18  シリーズ累計8万部突破",
      "reprint": null
    }
  },
  {
    "title": "水しか出ない神具【コップ】を授かった僕は、不毛の領地で好きに生きる事にしました",
    "salesValue": 80000,
    "recordDate": "2021-12-16",
    "salesDesc": "シリーズ累計8万部(電子含む)",
    "sourceDesc": "<a href=\"https://www.amazon.co.jp/dp/4434297422\">コミカライズ2巻帯</a>",
    "isbn": "4434273361",
    "oldData": {
      "sales": "2021/12/16  シリーズ累計8万部（電子含む）",
      "reprint": null
    }
  },
  {
    "title": "異世界で怠惰な田舎ライフ。",
    "salesValue": 80000,
    "recordDate": "2020-08-06",
    "salesDesc": "累計8万部(電子含む)",
    "sourceDesc": "原作文庫版2巻帯",
    "isbn": "4434242016",
    "oldData": {
      "sales": "2020/08/06  累計8万部（電子含む）\n2019/09/10  累計6万部\n2019/07/09  累計5万部\n2019/05/24  累計4.5万部\n2018/12/**  累計4万部\n2018/08/**  累計3万部",
      "reprint": null
    }
  },
  {
    "title": "アルマディアノス英雄伝",
    "salesValue": 80000,
    "recordDate": "2019-01",
    "salesDesc": "累計8万部",
    "sourceDesc": "原作文庫2巻帯",
    "isbn": "4434221221",
    "oldData": {
      "sales": "2019/01/**  累計8万部\n2018/11/**  累計7万部",
      "reprint": null
    }
  },
  {
    "title": "わが家は幽世の貸本屋さん",
    "salesValue": 70000,
    "recordDate": "2022-03-30",
    "salesDesc": "シリーズ累計7万部突破",
    "sourceDesc": "<a href=\"https://twitter.com/kotonoha_mm/status/1509043042199928833\">原作「黒猫の涙と宝石の涙」重版帯</a>",
    "isbn": "4896378911",
    "oldData": {
      "sales": "2022/03/30  シリーズ累計7万部突破\n2021/04/05  シリーズ累計6万部突破",
      "reprint": "*4刷  2020/07/01決定"
    }
  },
  {
    "title": "エロいスキルで異世界無双",
    "salesValue": 70000,
    "recordDate": "2021-08-28",
    "salesDesc": "シリーズ累計7万部突破",
    "sourceDesc": "<a href=\"https://twitter.com/moe_Novelist/status/1431464730388955141\">作者Twitter</a>",
    "isbn": "4867160075",
    "oldData": {
      "sales": "2021/08/28  シリーズ累計7万部突破",
      "reprint": null
    }
  },
  {
    "title": "無口な彼が残業する理由",
    "salesValue": 70000,
    "recordDate": "2018-12-21",
    "salesDesc": "シリーズ累計7万部突破",
    "sourceDesc": "スターツ出版株式会社プレリリース(2018/12/21)",
    "isbn": "4883817202",
    "oldData": {
      "sales": "2018/12/21  シリーズ累計7万部突破",
      "reprint": null
    }
  },
  {
    "title": "魔法学校の落ちこぼれ",
    "salesValue": 70000,
    "recordDate": "2020-10-08",
    "salesDesc": "累計7万部(電子含む)",
    "sourceDesc": "原作文庫版5巻帯",
    "isbn": "4434226975",
    "oldData": {
      "sales": "2020/10/08  累計7万部（電子含む）\n2020/02/12  累計6万部",
      "reprint": null
    }
  },
  {
    "title": "最強の異世界やりすぎ旅行記",
    "salesValue": 70000,
    "recordDate": "2020-03-10",
    "salesDesc": "累計7万部(電子含む)",
    "sourceDesc": "原作文庫版3巻帯",
    "isbn": "4434248154",
    "oldData": {
      "sales": "2020/03/10  累計7万部（電子含む）\n2019/11/08  累計5万部",
      "reprint": null
    }
  },
  {
    "title": "奈良まちはじまり朝ごはん",
    "salesValue": 60000,
    "recordDate": "2018-11-06",
    "salesDesc": "シリーズ累計6万部突破",
    "sourceDesc": "<a href=\"https://twitter.com/inujun2543/status/1059733232793440258\">作者Twitter</a>",
    "isbn": "4813703267",
    "oldData": {
      "sales": "2018/11/06  シリーズ累計6万部突破",
      "reprint": null
    }
  },
  {
    "title": "最強Fランク冒険者の気ままな辺境生活？",
    "salesValue": 60000,
    "recordDate": "2021-11-08",
    "salesDesc": "累計6万部(電子含む)",
    "sourceDesc": "<a href=\"https://www.amazon.co.jp/dp/4434296043\">原作文庫版3巻帯</a>",
    "isbn": "4434270613",
    "oldData": {
      "sales": "2021/11/08  累計6万部（電子含む）\n2021/09/06  累計4万部（電子含む）",
      "reprint": null
    }
  },
  {
    "title": "転生薬師は異世界を巡る",
    "salesValue": 60000,
    "recordDate": "2020-07-07",
    "salesDesc": "累計6万部(電子含む)",
    "sourceDesc": "原作文庫版3巻帯",
    "isbn": "4434244000",
    "oldData": {
      "sales": "2020/07/07  累計6万部（電子含む）\n2020/03/10  累計5万部（電子含む）",
      "reprint": null
    }
  },
  {
    "title": "万能すぎる創造スキルで異世界を強かに生きる！",
    "salesValue": 60000,
    "recordDate": "2019-09-10",
    "salesDesc": "累計6万部",
    "sourceDesc": "原作文庫版4巻帯",
    "isbn": "4434244604",
    "oldData": {
      "sales": "2019/09/10  累計6万部\n2019/05/19  累計5万部",
      "reprint": null
    }
  },
  {
    "title": "きみが明日、この世界から消える前に",
    "salesValue": 50000,
    "recordDate": "2021-04-07",
    "salesDesc": "5万部突破",
    "sourceDesc": "<a href=\"https://twitter.com/ekokonomi/status/1379723535967391748\">作者Twitter</a>",
    "isbn": "4813709591",
    "oldData": {
      "sales": "2021/04/07  5万部突破",
      "reprint": "*3刷  2020/11/05決定\n*2刷  2020/10/09決定"
    }
  },
  {
    "title": "欠陥品の文殊使いは最強の希少職でした。",
    "salesValue": 50000,
    "recordDate": "2021-02-04",
    "salesDesc": "累計5万部(電子含む)",
    "sourceDesc": "<a href=\"https://www.amazon.co.jp/dp/443428505X/\">原作文庫版2巻帯</a>",
    "isbn": "4434258931",
    "oldData": {
      "sales": "2021/02/04  累計5万部（電子含む）\n2020/12/08  累計4万部（電子含む）",
      "reprint": null
    }
  },
  {
    "title": "この世界の平均寿命を頑張って伸ばします。",
    "salesValue": 50000,
    "recordDate": "2019-11-08",
    "salesDesc": "累計5万部",
    "sourceDesc": "原作文庫版4巻帯",
    "isbn": "4434244515",
    "oldData": {
      "sales": "2019/11/08  累計5万部\n2019/06/11  累計4万部",
      "reprint": null
    }
  },
  {
    "title": "気まぐれ女神に本気でキャラメイクされました",
    "salesValue": 50000,
    "recordDate": "2019-10-10",
    "salesDesc": "累計5万部",
    "sourceDesc": "文庫版2巻帯",
    "isbn": "4434250493",
    "oldData": {
      "sales": "2019/10/10  累計5万部\n2019/08/08  累計4万部",
      "reprint": null
    }
  },
  {
    "title": "勇者のその後　地球に帰れなくなったので自分の為に異世界を住み良くしました",
    "salesValue": 50000,
    "recordDate": "2019-06-11",
    "salesDesc": "累計5万部",
    "sourceDesc": "原作文庫版3巻帯",
    "isbn": "4434235117",
    "oldData": {
      "sales": "2019/06/11  累計5万部\n2019/04/11  累計4万部\n2019/02/**  累計4万部\n2018/05/**  累計3.5万部",
      "reprint": null
    }
  },
  {
    "title": "変わり者と呼ばれた貴族は、辺境で自由に生きていきます",
    "salesValue": 40000,
    "recordDate": "2022-03-07",
    "salesDesc": "累計4万部(電子含む)",
    "sourceDesc": "<a href=\"https://www.amazon.co.jp/dp/4434300628\">原作文庫版2巻帯</a>",
    "isbn": "4434271598",
    "oldData": {
      "sales": "2022/03/07  累計4万部（電子含む）\n2022/01/07  累計3万部（電子含む）",
      "reprint": null
    }
  },
  {
    "title": "スキルはコピーして上書き最強でいいですか",
    "salesValue": 40000,
    "recordDate": "2022-02-07",
    "salesDesc": "累計4万部(電子含む)",
    "sourceDesc": "<a href=\"https://www.amazon.co.jp/dp/4434299719\">原作文庫版1巻帯</a>",
    "isbn": "4434261312",
    "oldData": {
      "sales": "2022/02/07  累計4万部（電子含む）",
      "reprint": null
    }
  },
  {
    "title": "最弱職の初級魔術師　初級魔法を極めたらいつの間にか「千の魔術師」と呼ばれていました。",
    "salesValue": 40000,
    "recordDate": "2022-01-07",
    "salesDesc": "累計4万部(電子含む)",
    "sourceDesc": "<a href=\"https://www.amazon.co.jp/dp/4434298704\">原作文庫版1巻帯</a>",
    "isbn": "4434264176",
    "oldData": {
      "sales": "2022/01/07  累計4万部（電子含む）",
      "reprint": null
    }
  },
  {
    "title": "異世界をスキルブックと共に生きていく",
    "salesValue": 40000,
    "recordDate": "2021-07-07",
    "salesDesc": "累計4万部(電子含む)",
    "sourceDesc": "<a href=\"https://www.amazon.co.jp/dp/4434291033/\">原作文庫版1巻帯</a>",
    "isbn": "4434262971",
    "oldData": {
      "sales": "2021/07/07  累計4万部（電子含む）",
      "reprint": null
    }
  },
  {
    "title": "鑑定や亜空間倉庫がチートと言われてるけど、それだけで異世界は生きていけるのか",
    "salesValue": 40000,
    "recordDate": "2021-03-04",
    "salesDesc": "累計4万部(電子含む)",
    "sourceDesc": "<a href=\"https://www.amazon.co.jp/dp/4434286382/\">原作文庫版2巻帯</a>",
    "isbn": "443426298X",
    "oldData": {
      "sales": "2021/03/04  累計4万部（電子含む）\n2020/12/08  累計3万部（電子含む）",
      "reprint": null
    }
  },
  {
    "title": "魔物をお手入れしたら懐かれました　もふプニ大好き異世界スローライフ",
    "salesValue": 40000,
    "recordDate": "2020-10-08",
    "salesDesc": "累計4万部(電子含む)",
    "sourceDesc": "原作文庫版3巻帯",
    "isbn": "4434258052",
    "oldData": {
      "sales": "2020/10/08  累計4万部（電子含む）\n2020/06/09  累計3万部（電子含む）",
      "reprint": null
    }
  },
  {
    "title": "僕のスライムは世界最強　～捕食チートで超成長しちゃいます～",
    "salesValue": 40000,
    "recordDate": "2020-04-06",
    "salesDesc": "累計4万部(電子含む)",
    "sourceDesc": "原作文庫版2巻帯",
    "isbn": "4434238213",
    "oldData": {
      "sales": "2020/04/06  累計4万部（電子含む）\n2020/02/12  累計3万部",
      "reprint": null
    }
  },
  {
    "title": "異世界で創造の料理人してます",
    "salesValue": 40000,
    "recordDate": "2020-03-10",
    "salesDesc": "累計4万部(電子含む)",
    "sourceDesc": "原作文庫版2巻帯",
    "isbn": "4434235192",
    "oldData": {
      "sales": "2020/03/10  累計4万部（電子含む）",
      "reprint": null
    }
  },
  {
    "title": "召喚軍師のデスゲーム　～異世界で、ヒロイン王女を無視して女騎士にキスした俺は！～",
    "salesValue": 40000,
    "recordDate": "2019-05-19",
    "salesDesc": "累計4万部",
    "sourceDesc": "原作文庫版2巻帯",
    "isbn": "4434224662",
    "oldData": {
      "sales": "2019/05/19  累計4万部\n2019/03/**  累計3万部",
      "reprint": null
    }
  },
  {
    "title": "白豚妃再来伝　後宮も二度目なら",
    "salesValue": 30000,
    "recordDate": "2022-01-24",
    "salesDesc": "累計3万部突破",
    "sourceDesc": "<a href=\"https://twitter.com/satsuki_nkmr/status/1485554893054091265\">作者Twitter</a>",
    "isbn": "4040741218",
    "oldData": {
      "sales": "2022/01/24  累計3万部突破",
      "reprint": null
    }
  },
  {
    "title": "勇者パーティから追放された俺、どうやら最高に運が良かったらしい",
    "salesValue": 30000,
    "recordDate": "2019-08-08",
    "salesDesc": "累計3万部",
    "sourceDesc": "文庫版1巻帯",
    "isbn": "4434252860",
    "oldData": {
      "sales": "2019/08/08  累計3万部",
      "reprint": null
    }
  },
  {
    "title": "世話焼き男の物作りスローライフ",
    "salesValue": 30000,
    "recordDate": "2019-03",
    "salesDesc": "累計3万部",
    "sourceDesc": "原作2巻帯",
    "isbn": "4434244639",
    "oldData": {
      "sales": "2019/03/**  累計3万部",
      "reprint": null
    }
  },
  {
    "title": "さよならの向う側",
    "salesValue": 20000,
    "recordDate": "2021-12-09",
    "salesDesc": "累計2万部突破",
    "sourceDesc": "<a href=\"https://twitter.com/kotonoha_mm/status/1468881737497612290\">ことのは文庫Twitter</a>",
    "isbn": "4867161403",
    "oldData": {
      "sales": "2021/12/09  累計2万部突破",
      "reprint": null
    }
  },
  {
    "title": "身売りっ娘　俺がまとめて面倒見ますっ！",
    "salesValue": 5800,
    "recordDate": "2019-07-18",
    "salesDesc": "2刷5800部突破",
    "sourceDesc": "UDリバース新刊書のご案内",
    "isbn": "4801493084",
    "oldData": {
      "sales": "2019/07/18  2刷5800部突破",
      "reprint": null
    }
  }
]
